1980 3146
127 86 200 140 68
811 83 863 138 Q.
895 82 1118 129 ENNIVS

926 223 998 270 XI

840 306 1099 375 Thyestes

126 395 261 466 'Ipse
298 395 518 449 summis
556 395 698 447 saxis
734 395 873 447 fixus
911 395 1114 464 asperis
1129 438 1143 465 ‚
1182 393 1528 465 euisceratu8‚

38 500 126 541 310
144 485 332 537 Latere
347 483 595 552 pendenS‚
611 483 737 535 saxa
753 492 1007 554 spargens
1024 483 1166 553 tabo,
1182 483 1328 536 sanie
1344 486 1398 536 et
1414 484 1669 555 sanguine
1686 487 1803 538 atro

809 573 838 603 ²⁸
952 608 984 642 ’g
1096 571 1128 605 θὶς

126 660 312 731 Neque
345 660 663 729 sepulcrum,
694 661 800 729 quo
825 660 1063 729 recipiat,
1094 659 1289 712 habeat
1311 663 1529 729 portum
1553 662 1805 732 corporiS‚

125 748 250 802 'Vbi
287 749 508 801 remissa
544 748 776 801 humana
813 749 928 801 uita
966 749 1158 818 corpus
1197 748 1497 818 requiescat
1535 750 1703 802 malie.

246 849 402 893 Cicero
441 849 574 893 Tusc.
623 848 740 906 disp.
780 849 802 892 I
833 854 911 905 44,
946 853 1030 893 107
1081 849 1349 893 ‘execratur
1393 849 1643 895 luculentis
1692 864 1804 895 sane

126 908 337 953 uersibus
385 908 511 966 apud
547 907 750 952 Ennium
794 908 1094 965 Thyestes,
1141 907 1344 965 primum
1387 910 1450 952 ut
1494 909 1804 967 naufragio

124 970 325 1025 pereat
354 968 573 1012 Atreus.
638 967 805 1011 durum
841 967 931 1011 hoc
970 981 1103 1023 sane3
1141 966 1254 1011 talis
1293 966 1417 1011 enim
1455 967 1672 1013 interitus
1711 983 1806 1013 non

128 1029 200 1071 est
253 1026 351 1070 sine
404 1026 540 1084 graui
593 1040 751 1082 sensu3
803 1025 890 1082 illa
938 1025 1101 1071 inania
1147 1026 1207 1084 [1.
1242 1026 1303 1086 2].
1373 1027 1480 1071 Non
1533 1027 1637 1085 ipsa
1692 1042 1806 1072 saxa.

126 1085 277 1143 magis
317 1099 455 1129 sensu
486 1085 612 1130 omni
643 1085 883 1130 uacabunt
913 1099 1056 1141 quam
1084 1084 1167 1129 ille
1197 1084 1386 1130 latere
1415 1086 1690 1143 pendens,
1730 1086 1806 1131 cui

130 1158 179 1189 se
209 1144 285 1188 hic
318 1144 575 1189 cruciatum
606 1147 767 1189 censet
797 1147 973 1202 optare.
1022 1143 1150 1198 Quae
1182 1146 1338 1189 essent
1369 1145 1499 1202 dura,
1533 1145 1573 1189 si
1597 1145 1804 1202 sentiret,

128 1203 260 1247 nulla
317 1206 426 1248 sunt
472 1203 572 1248 sine
619 1217 768 1249 sensu.
838 1203 962 1247 Illud
1007 1217 1118 1248 uero
1163 1217 1389 1260 perquam
1432 1204 1594 1250 inane:
1641 1206 1702 1264 [3.
1741 1207 1804 1272 4].

128 1262 272 1307 Vides
314 1265 490 1319 quanto
528 1263 645 1307 haec
683 1262 733 1306 in
765 1277 915 1307 errore
946 1264 1209 1308 uersentur:
1253 1265 1440 1319 portum
1471 1277 1571 1308 esse
1603 1278 1805 1322 corpons

129 1325 177 1366 et
214 1322 503 1377 requiescere
534 1322 584 1365 in
616 1322 859 1379 sepulchro
889 1324 1028 1379 putat
1058 1323 1312 1378 mortuum,
1351 1336 1523 1379 magna
1554 1323 1691 1380 culpa
1721 1324 1806 1367 Pe-

127 1380 269 1437 lopis,
319 1381 400 1437 qui
436 1395 531 1425 non
571 1381 794 1425 erudierit
831 1380 979 1424 filium
1017 1394 1102 1425 nec
1141 1380 1370 1437 docuerit,
1415 1384 1643 1437 quatenus
1684 1385 1807 1426 esset

129 1439 332 1495 quidque
372 1440 659 1485 curandum.’
723 1441 853 1484 Idem
890 1440 956 1487 in,
978 1439 1197 1484 Pisonem
1228 1442 1310 1496 19,
1331 1445 1389 1484 43
1439 1441 1696 1498 ‘Thyestea
1735 1444 1807 1485 est

129 1498 222 1542 ista
254 1498 488 1543 execratio
519 1501 687 1556 poetae
718 1498 851 1556 uulgi
882 1498 1076 1555 animos,
1114 1513 1210 1543 non
1241 1498 1523 1556 sapientium
1551 1500 1805 1545 mouentis:

128 1560 190 1602 ut
231 1561 291 1602 tu
321 1558 627 1615 naufragio
659 1558 930 1615 expulsus
961 1557 1184 1615 uspiam
1215 1558 1368 1602 saxis
1399 1558 1554 1602 fixus
1585 1559 1805 1616 asperis

131 1616 492 1662 euisceratus
523 1617 707 1662 latere
737 1618 1037 1675 penderes,
1069 1619 1124 1661 ut
1153 1616 1222 1661 ait
1251 1616 1355 1672 ille,
1391 1631 1526 1662 saxa
1553 1619 1802 1663 ...a.tro.’

132 1676 303 1732 (Verba
343 1679 406 1720 ut
449 1678 511 1720 tu
555 1676 862 1734 naufragio
910 1675 1181 1734 expulsus
1229 1675 1451 1733 uspiam
1489 1675 1699 1721 Ciceroni
1736 1690 1807 1722 re-

132 1734 317 1792 scripsit
353 1735 592 1780 Bentleius
631 1735 846 1780 Enniana
884 1736 1017 1793 poesi
1054 1735 1106 1779 in
1142 1735 1350 1791 brevius,
1396 1737 1451 1779 ut
1487 1735 1693 1793 videtur,
1745 1736 1805 1780 ab

131 1793 213 1837 illo
261 1796 514 1839 contracta.
578 1794 712 1848 Quod
759 1794 1013 1839 scholiasta
1053 1793 1310 1838 Vaticanus
1356 1793 1452 1838 illis
1498 1795 1804 1852 naufragio

563 1853 573 1862 .
857 1853 866 1861 .
931 1853 941 1861 .
1012 1855 1026 1876 e
1344 1853 1372 1862 ..
1388 1854 1400 1874 ‚
1608 1854 1617 1862 .

133 1853 704 1969 33333333.
717 1854 976 1970 3333
1016 1853 1448 1968 ..3333333
1463 1853 1676 1957 333
1702 1854 1805 1957 ,3.

132 1970 251 2014 talia
288 1970 383 2029 legi
419 1971 628 2028 potuisse
666 1972 877 2028 censuit.)
937 1972 1056 2016 Non.
1082 1975 1189 2027 405,
1214 1976 1240 2014 3
1283 1972 1600 2028 ‘spargere,
1647 1972 1805 2016 made-

133 2029 299 2074 facere.
359 2030 566 2074 Lucilius
605 2030 685 2075 lib.
726 2031 915 2076 XVIJII:
949 2032 1041 2090 [2]’
1091 2043 1212 2086 quae
1251 2032 1335 2074 aut
1371 2030 1590 2074 traducta
1629 2033 1738 2075 sunt
1776 2045 1803 2074 a

132 2088 310 2133 Lucilio
339 2092 421 2133 aut
443 2089 739 2134 librariorum
760 2090 910 2134 turbis
933 2103 1178 2147 perperam
1201 2088 1300 2133 eius
1322 2088 1510 2133 nomine
1535 2089 1803 2134 afferuntur.

252 2182 276 2220 1
292 2192 382 2236 sqq.
412 2192 620 2223 lnmneros
649 2179 883 2224 constituit
911 2179 1149 2224 Bentleius
1209 2182 1236 2221 3
1268 2177 1394 2234 quod
1423 2192 1459 2222 ω

255 2265 533 2322 ‘Thyesteas
578 2267 762 2323 preces’
810 2265 967 2323 tangit
1003 2265 1225 2310 Horatius
1266 2266 1397 2322 epod.
1430 2265 1474 2309 V
1498 2271 1575 2321 86,
1622 2266 1705 2309 ubi
1743 2265 1800 2309 cf.

136 2322 276 2368 schol.
308 2325 554 2369 Praeterea
590 2325 741 2369 eidem
771 2325 961 2369 fabulae
991 2324 1137 2368 tribui
1167 2326 1364 2381 possunt
1393 2328 1478 2369 inc.
1511 2339 1631 2370 nom.
1664 2324 1803 2368 XXX.

134 2380 607 2441 XXXVH—XXXIX,
639 2383 728 2428 inc.
760 2384 848 2428 inc.
881 2384 976 2427 fab.
1008 2384 1144 2428 LVII.

470 2507 742 2556 INGERTI
778 2508 1057 2557 NOMINIS
1097 2508 1461 2566 RELIQV‘IAE

959 2611 984 2659 I

875 2694 1061 2747 Vlixes

139 2776 268 2840 Quis
305 2780 383 2832 ibi
419 2799 528 2834 non
566 2785 646 2834 est
683 2782 992 2835 uulneratus
1029 2782 1171 2835 ferro
1209 2780 1445 2851 Frugio‘?
1485 2823 1495 2833 .
1529 2823 1540 2833 .
1573 2823 1583 2833 .

256 2878 412 2923 Cicero
464 2895 547 2936 pro
598 2881 731 2926 Rosc.
778 2883 878 2925 Am.
912 2887 990 2937 32,
1024 2887 1080 2925 90
1137 2880 1331 2925 ‘multos
1385 2894 1543 2924 caesos
1596 2894 1690 2925 non
1743 2881 1804 2925 ad
