1980 3146
199 102 308 154 202
674 64 680 69 ⁴
892 101 941 145 L.
973 101 1183 147 Accrvs

998 228 1070 288 IX

196 323 371 395 'Apud
410 324 768 376 abundantem
806 324 1082 393 antiquam
1120 343 1330 377 amnem
1369 329 1422 378 ei:
1458 327 1668 396 rapidas
1706 327 1874 380 undas

1254 412 1455 466 'Inachi

311 514 430 557 Non.
456 518 552 570 192,
569 517 598 556 4
625 514 863 557 ‘amnem
882 550 889 557 .
912 550 920 557 .
942 550 950 557 .
969 513 1192 558 feminino
1271 514 1464 560 ,Accius
1482 515 1874 572 Epinausimache

196 572 415 617 ...idem
445 572 705 630 Epigono
730 610 738 617 .
760 608 769 616 .
790 573 818 616 .’
853 572 1146 630 (Epigonis
1177 573 1426 631 Mercerus)

314 660 557 716 antiquam
589 662 791 716 defendit
820 662 1048 720 Berykius
1078 661 1304 719 Argiuam
1334 678 1367 707 ,τ

971 819 973 821 ,
1008 773 1053 819 Χ

189 856 244 910 N
244 860 346 909 unc
391 854 627 937 pergam'
656 860 716 908 ui:
762 855 1037 926 suppliciis
1079 856 1297 925 placans
1337 855 1587 910 caelibum
1627 876 1744 910 aras
1783 858 1870 910 ex-

1252 945 1442 1014 pleam.

306 1039 424 1083 Non.
451 1020 558 1094 398,
587 1044 640 1082 19
683 1038 1057 1096 ‘supplicium
1091 1053 1248 1082 rursus
1280 1038 1561 1096 supplicatio
1589 1077 1598 1084 .
1628 1077 1636 1084 .
1665 1076 1673 1084 .
1704 1039 1870 1084 Accius

188 1098 444 1156 Epigono
473 1099 560 1142 ...’
596 1097 892 1155 (Epigonis
925 1098 1030 1143 Ald.
1063 1097 1322 1156 Epigona
1352 1098 1479 1142 Harl.
1513 1114 1572 1144 m.
1601 1104 1625 1142 2
1657 1099 1719 1143 W
1749 1099 1872 1143 Eri-

192 1172 338 1214 gona
369 1158 619 1214 Mercerus)

305 1260 499 1303 pergam
529 1248 582 1289 ut
613 1246 680 1300 Β,
716 1246 960 1291 Fraterius
989 1260 1236 1303 pergamus
1270 1264 1305 1303 φ
1335 1259 1584 1303 pergamus
1615 1248 1669 1290 ub
1698 1247 1872 1292 anius

188 1307 240 1349 in
270 1320 353 1363 my.
446 1305 628 1362 expiem
661 1305 906 1350 Fraterius

996 1386 1067 1433 XI

203 1469 343 1533 Quid
380 1470 540 1540 istuc,
578 1473 742 1541 gnaba
778 1469 956 1540 unica,
996 1471 1097 1540 est,
1136 1470 1485 1540 Demonassa,
1525 1471 1765 1539 obsecrO,

99 1571 184 1611 300
203 1558 357 1622 Quod
386 1560 472 1611 me
495 1559 766 1629 †eumago
799 1560 1052 1630 expetens
1075 1558 1320 1611 bimidam
1344 1578 1371 1611 e
1396 1562 1537 1612 tecto
1563 1559 1736 1612 exeies
1762 1559 1869 1612 —‘?

303 1658 541 1704 Charisius
574 1659 631 1703 de
663 1673 799 1703 versu
833 1659 1051 1704 Saturnio
1085 1659 1209 1716 (vide
1233 1660 1313 1716 IV)

305 1753 327 1791 1
370 1748 647 1792 demanassa
693 1749 833 1793 Borb.
874 1750 912 1792 b.
968 1750 1021 1793 de
1074 1750 1331 1805 antiquiore
1378 1750 1532 1793 minus
1575 1755 1749 1793 constat

185 1812 210 1851 2
256 1821 528 1864 mecumago
574 1809 644 1853 vel
695 1820 936 1864 meamego
987 1808 1055 1851 vel
1098 1809 1244 1852 simile
1291 1809 1511 1865 quiddam
1555 1809 1608 1852 in
1651 1809 1790 1852 Borb.
1836 1824 1867 1852 a

182 1868 402 1923 scriptum
431 1881 521 1911 esse
551 1868 789 1911 videbatwr
819 1866 882 1910 H.
909 1866 1077 1920 Keilio,
1107 1881 1189 1911 om.
1222 1867 1362 1912 Borb.
1397 1869 1422 1911 b
1453 1880 1527 1910 me
1560 1866 1716 1910 subito
1748 1868 1862 1912 coni.

184 1926 368 1970 Keilius
404 1939 478 1969 me
509 1925 731 1969 Alcmaeo
764 1926 1002 1983 Berykius.
1049 1939 1124 1969 me
1153 1927 1289 1969 ‘canto
1314 1928 1406 1982 (vel
1435 1925 1651 1983 tremulo)
1682 1927 1864 1981 conieci,

183 1987 407 2042 sequentis
435 2000 474 2030 v.
508 1986 643 2029 initio
676 1984 878 2028 clamore
908 1986 949 2028 si
977 1986 1120 2040 fuerit
1210 1984 1362 2029 exciet
1391 1986 1617 2043 Berykius
1667 2034 1669 2036 ,
1839 2002 1842 2006 ’

974 2095 1071 2142 XII

182 2177 448 2247 Eloquere
493 2196 718 2247 propere
765 2196 825 2230 ao
870 2196 1049 2231 meum
1094 2178 1236 2231 hunc
1274 2197 1527 2248 pauorem
1567 2179 1862 2247 expeofiora.

299 2271 418 2315 Non.
446 2275 515 2328 16,
542 2277 568 2315 5
603 2272 1001 2329 ‘expectorare
1033 2274 1105 2316 est
1135 2274 1267 2316 extra
1296 2274 1459 2329 pectus
1485 2271 1646 2316 eicere.
1693 2271 1861 2315 Accius

182 2329 416 2374 Foenissis
443 2330 664 2374 ...idem
692 2330 948 2388 Epigono
976 2367 1014 2374 ..
1036 2332 1064 2374 .'
1110 2331 1403 2389 (Epigonis
1435 2331 1684 2387 Meroerus)

298 2425 492 2468 propere
522 2412 697 2456 anius
725 2411 911 2468 proprie
942 2429 978 2455 ω
1094 2425 1249 2455 meum
1279 2412 1401 2455 hunc
1431 2425 1654 2468 pauorem
1679 2402 1874 2456 Vossius

181 2483 404 2525 pauorem
435 2472 626 2527 (pauore
652 2471 712 2527 L)
743 2471 865 2513 hunc
897 2484 1053 2514 meum
1076 2487 1110 2514 ω
1201 2470 1390 2526 loquere
1419 2484 1614 2527 propere
1638 2472 1693 2514 ac
1716 2483 1859 2526 pauo-

181 2542 279 2572 rem
309 2529 432 2572 hune
463 2542 619 2572 meum
652 2543 689 2573 e.
723 2531 905 2574 creticos
933 2531 1080 2574 videri
1103 2543 1233 2586 posse
1262 2531 1439 2574 monuit
1468 2530 1571 2573 Bue

960 2639 1084 2686 XIII

181 2719 355 2790 <Sed>
373 2723 500 2790 quid
526 2741 672 2775 cesso
697 2723 773 2774 ire
798 2722 865 2774 ad
889 2723 1042 2775 eam?
1067 2741 1150 2775 em
1173 2725 1383 2792 praesto
1410 2724 1510 2773 esi:
1534 2721 1689 2790 (em)
1706 2740 1855 2775 camo

1228 2794 1434 2894 ⁴eol-him
1471 2811 1711 2878 grauem!

296 2901 414 2944 Non.
450 2907 556 2959 200,
591 2908 644 2946 15
696 2902 904 2946 ‘collus
950 2902 1207 2946 masculino
1253 2901 1421 2945 Accius
1466 2901 1758 2959 Epigono.
1787 2941 1795 2948 .
1824 2905 1853 2949 .’
