2010 3146
775 107 825 162 Q.
859 107 1085 152 ENNIVS
1390 60 1394 65 '
1700 107 1770 159 41

799 263 890 310 ΗΕ
898 262 1073 311 GVBA

924 366 950 414 Ι

100 491 642 508 .......
718 449 1008 502 undantem
1046 448 1217 502 salum

216 550 336 596 Non.
371 555 478 607 223,
505 555 560 595 23
609 550 815 594 ‘salum
841 587 849 594 .
878 586 886 594 .
916 586 924 594 .
948 549 1196 593 masculini
1238 549 1414 593 Ennius
1453 550 1646 595 Hecuba
1671 587 1680 595 .
1707 586 1718 596 .
1745 551 1773 596 .’

103 609 313 654 Contulit
343 610 635 655 Hermannus
666 609 824 665 Eurip.
855 609 965 653 Hec.
1000 613 1069 653 26.

908 719 960 766 Π

102 802 146 857 Ο
179 805 373 875 magna
403 803 602 873 templa
632 802 904 873 caelitum,
944 802 1235 855 commixta
1264 803 1434 856 stellis
1465 802 1775 872 splendidis!

219 905 366 949 Varro
399 905 456 948 de
486 904 516 948 1.
549 903 579 948 1.
612 903 698 948 VH
726 909 752 948 6
782 904 844 948 M.
892 903 966 947 ‘in
997 903 1127 948 caelo
1158 903 1385 960 templum
1417 903 1607 960 dicitur,
1646 906 1700 948 ut
1729 904 1779 948 in

101 964 364 1009 Hecuba..
395 964 423 1008 .’
486 962 692 1007 Reddita
729 962 803 1006 his
844 976 943 1007 esse
981 962 1235 1020 Euripidea
1265 963 1376 1008 Hec.
1409 966 1464 1007 68
1504 959 1538 1008 ὦ
1578 963 1779 1019 crepon&

105 1021 231 1080 Διός,
264 1019 298 1068 ὦ
331 1020 491 1068 σκοτία
522 1022 606 1076 νύξ,
636 1021 820 1067 monuit
852 1021 1071 1079 Scaliger.

903 1131 981 1179 ΠΙ

106 1216 226 1269 Heli
285 1234 371 1268 me
432 1215 702 1268 miseram!
763 1215 964 1268 interii:
1025 1219 1257 1287 pergunt
1316 1215 1493 1269 lauere
1547 1234 1783 1287 sanguen

1080 1305 1351 1376 sanguine.

222 1406 341 1450 Non.
369 1411 468 1462 224,
495 1410 520 1450 6
557 1404 820 1462 ‘sanguis
939 1406 1138 1450 neutro.’
1186 1406 1317 1450 Idem
1343 1410 1444 1462 466,
1471 1411 1526 1450 26
1561 1406 1783 1451 ‘lauare

111 1502 118 1509 .
141 1502 148 1509 .
172 1501 179 1508 .
206 1465 459 1509 uetustatis
486 1463 740 1508 auctoritas
764 1464 923 1521 posuit
946 1465 1090 1509 etiam
1112 1464 1321 1521 polluere
1347 1501 1356 1510 .
1377 1502 1385 1509 .
1406 1465 1434 1509 .'
1482 1465 1611 1509 Idem
1634 1470 1733 1522 504,
1756 1471 1782 1510 6

110 1524 332 1568 ‘lauere
357 1524 466 1568 inde
490 1525 694 1568 tractum
711 1526 794 1567 est.
827 1523 1003 1567 Ennius
1020 1524 1271 1568 Telamone
1360 1524 1486 1568 idem
1500 1524 1715 1569 Hecuba.
1730 1526 1779 1570 ..’

227 1613 344 1657 eheu
377 1612 577 1657 EF³L2
616 1613 684 1657 bis
714 1612 771 1656 Η
780 1611 795 1637 ¹
819 1627 868 1669 p.
895 1617 980 1656 224
1020 1626 1077 1656 eu
1115 1613 1180 1658 W
1211 1627 1260 1670 p.
1293 1617 1378 1656 466
1498 1611 1718 1657 miserum
1747 1630 1783 1657 ω

102 1687 152 1729 p.
178 1677 264 1716 504
295 1673 374 1716 Ba
397 1687 446 1729 p.
471 1677 558 1717 466

909 1752 982 1799 IV

109 1835 255 1888 Haec
293 1839 353 1889 tu
393 1837 492 1888 etsi
530 1838 777 1905 peruerse
817 1836 981 1905 ὤθεε,
1018 1835 1174 1888 facile
1212 1835 1450 1889 Achiuos
1486 1836 1717 1889 flexeris:
1788 1850 1871 1890 165

107 1924 250 1978 Nam
290 1925 529 1994 opulenti
568 1927 689 1978 cum
727 1925 976 1978 locuntur
1013 1925 1215 1994 pariter
1252 1928 1411 1994 atque
1450 1925 1714 1996 ignobiles
1721 1967 1736 1995 ,

108 2013 327 2066 'Eadem
368 2013 508 2066 dicta
547 2013 834 2083 eademque
873 2013 1044 2066 oratio
1084 2014 1252 2082 aequa
1288 2032 1398 2066 non
1431 2015 1598 2082 aeque
1626 2014 1784 2066 ualet.

231 2114 409 2159 Gellius
434 2114 497 2157 XI
520 2119 547 2157 4
583 2113 901 2171 ‘Euripidis
926 2127 1087 2158 uersus
1112 2116 1215 2170 (293
1233 2116 1350 2170 sqq.)
1375 2116 1483 2158 sunt
1506 2113 1556 2157 in
1577 2113 1784 2170 Hecuba,

110 2173 266 2218 uerbis
292 2173 526 2218 sententia
553 2172 788 2218 breuitate
811 2173 1017 2231 insignes
1041 2172 1366 2229 inlustresque.
1411 2172 1604 2217 Hecuba
1629 2175 1700 2217 est
1724 2173 1786 2217 ad

109 2232 294 2277 Vlixem
326 2232 483 2276 dicens

374 2291 427 2335 τὸ
459 2289 506 2335 δ’
541 2288 742 2348 ἀξίωμα,
773 2289 864 2336 κᾶν
895 2298 1048 2341 κακῶς
1078 2288 1230 2349 λέγῃς,
1261 2290 1314 2334 τὸ
1346 2290 1428 2334 σὸν

375 2352 546 2395 πείσει·
579 2349 712 2407 λόγος
741 2349 830 2407 γὰρ
863 2349 912 2394 ἔκ
943 2347 985 2394 τ’
1022 2349 1319 2403 ἀδοξούντων
1350 2348 1434 2394 ἰὼν

377 2410 467 2454 κάκ
498 2417 588 2453 τῶν
621 2408 886 2454 δοκούντων
918 2408 1057 2460 αὐτὸς
1088 2409 1142 2452 οὐ
1174 2408 1344 2453 ταύτὸν
1376 2405 1547 2453 σθένει.

111 2468 207 2512 Hos
254 2481 415 2512 uersus
463 2467 513 2522 Q.
554 2467 753 2523 Ennius,
801 2482 906 2511 cum
951 2481 1055 2512 eam
1092 2466 1386 2523 tragoediam
1421 2469 1644 2524 uerteret,
1691 2482 1786 2512 non

114 2540 225 2571 sane
268 2526 560 2571 incommode
601 2526 863 2571 aemulatus
903 2528 987 2571 est.
1048 2526 1221 2570 Versus
1259 2525 1459 2570 totidem
1494 2525 1698 2571 Enniani
1734 2526 1786 2569 hi

114 2587 242 2631 sunt:
287 2586 428 2630 haec’
472 2599 509 2630 e.
543 2601 586 2642 q.
621 2601 655 2630 s.
720 2586 888 2641 ‘Bene‚
930 2584 1068 2629 sicuti
1108 2584 1225 2641 dixi,
1263 2584 1462 2628 Ennius:
1503 2585 1585 2629 sed
1624 2584 1786 2642 igno-

111 2644 261 2688 biles
308 2647 468 2689 tamen
513 2648 561 2689 et
608 2644 868 2701 opulenti
913 2645 1014 2689 ἀντὶ
1064 2643 1358 2697 ἀδοξούντων
1404 2645 1484 2688 καὶ
1522 2644 1786 2689 δοκούντων

115 2703 385 2747 satisfacere
426 2703 686 2748 sententiae
724 2718 819 2748 non
857 2703 1096 2747 uidentur:
1139 2717 1250 2746 nam
1283 2715 1433 2758 neque
1465 2716 1623 2746 omnes
1653 2702 1793 2759 igno-'

114 2761 232 2806 biles
264 2763 483 2816 ἀδοξοῦσι
512 2776 663 2819 neque
697 2775 854 2806 omnes
886 2760 1097 2819 opulenti
1128 2761 1430 2815 εὐδοξοῦσιν.’

235 2856 256 2894 1
290 2850 482 2895 tametsi
512 2852 661 2909 Luyd.
697 2852 749 2895 X
836 2855 861 2894 2
892 2864 1003 2894 nam
1035 2849 1244 2907 opulenti
1276 2864 1380 2894 cum
1414 2849 1645 2894 Porsonus
1677 2863 1787 2893 nam

118 2922 223 2951 cum
255 2909 465 2965 opulenti
497 2928 531 2954 ω
563 2923 763 2965 namque
796 2923 868 2966 op.
901 2923 1005 2953 cum
1038 2910 1238 2968 Scaliyer
