1980 3146
210 131 315 183 142
845 130 907 174 Μ.
939 129 1237 175 PAGVVIVS

206 278 246 308 a.
302 262 518 307 iniecto
571 265 788 306 terrore
842 261 1040 306 mortis
1094 263 1466 308 horrescunt.’
1529 263 1703 308 Vocem
1755 265 1881 310 hor-

204 324 438 367 rescunt
474 321 791 365 Pacuvianam
829 334 929 366 esse
970 323 1129 366 censet
1165 321 1430 378 Madvicus‚
1461 321 1548 366 illa
1577 326 1756 370 autem:
1796 324 1880 368 in-

204 381 355 426 iecto
393 383 612 425 terrore
649 379 869 436 mortis,
909 394 1030 437 quae
1060 380 1111 424 in
1140 393 1299 425 versus
1332 379 1532 438 speciem
1561 382 1742 450 redegi,
1775 398 1881 428 con—

204 442 404 485 tractam
433 439 484 483 in
513 439 702 484 brevius
725 439 920 483 Pacuvii
951 439 1234 484 sententiam
1265 439 1495 484 exhibere.
1541 440 1697 486 Statui
1725 445 1882 488 autem

204 499 389 544 Vlixem
418 498 469 542 in
498 499 744 544 Armorum
773 498 948 543 iudicio
979 499 1069 543 hoc
1100 499 1311 556 exemplo
1342 513 1478 543 usum
1508 513 1620 546 esse.

323 593 348 632 2
382 587 586 632 astucias
619 588 721 633 Pal.
755 587 950 632 astuties
983 589 1244 634 dubitanter
1274 588 1521 633 Madvicus

1006 735 1077 782 IX

37 870 50 880 ,
116 833 200 872 360
217 819 441 872 Pandite
479 819 688 889 ualuaS,
725 819 1032 887 <remou6te
1071 836 1213 871 seras
1221 861 1235 888 ,

200 908 312 979 Vt>
349 908 693 978 complectar!

318 1009 483 1053 Festus
513 1024 558 1066 p.
593 1013 678 1052 282
702 1008 764 1052 Μ.
830 1007 1141 1067 ‘[reserari]
1175 1034 1230 1040 -—
1256 1034 1312 1041 —
1338 1035 1392 1041 —
1419 1035 1475 1042 —
1506 1009 1789 1054 Pacuuius
1820 1010 1877 1055 in

204 1104 569 1113 .............
595 1066 891 1125 (pan)dite’
927 1081 964 1112 e.
998 1082 1040 1123 q.
1076 1082 1109 1112 s,

321 1163 343 1202 1
361 1172 423 1215 sq.
455 1159 692 1202 remouete
724 1170 863 1214 seras,
895 1158 949 1200 ut
979 1156 1192 1215 Scaliyer.
1225 1157 1360 1201 Niha
1389 1163 1581 1214 apparet
1611 1159 1663 1202 in
1693 1160 1841 1204 codice

1015 1304 1061 1351 X

198 1388 356 1442 Nunc
394 1388 628 1458 primum
667 1391 858 1458 opacat
892 1388 1027 1441 flora
1063 1387 1262 1458 lanugo
1300 1406 1476 1459 genas,

315 1489 452 1534 Pauli
490 1490 655 1534 Festus
685 1505 730 1546 p.
765 1494 821 1534 94
844 1489 905 1535 M.
971 1488 1228 1533 ‘Pacuuius
1259 1502 1432 1546 genas
1462 1492 1601 1546 putat
1636 1503 1749 1546 esse,
1783 1484 1875 1546 qua

197 1549 347 1594 barba
389 1549 591 1606 primum
637 1548 803 1605 oritur,
858 1548 947 1593 hoc
991 1562 1130 1592 uersu
1156 1549 1243 1593 ...²
1313 1548 1382 1592 De
1427 1548 1779 1606 Parthenopaeo
1825 1549 1874 1593 in

196 1608 424 1653 Atalanta
469 1608 647 1653 dictum
691 1607 898 1653 videtur:
947 1607 1003 1652 cf.
1051 1606 1272 1664 Aeschyli
1320 1607 1444 1664 Sept.
1478 1612 1564 1652 534
1612 1607 1777 1667 στείχει
1824 1608 1869 1653 δ’

195 1668 349 1720 ἴουλος
379 1667 484 1725 ἄρτι
514 1666 596 1712 διὰ
626 1662 884 1724 παρηίδων.

311 1756 428 1801 flora
459 1756 681 1815 Scaliyer:
712 1758 770 1812 cf.
803 1756 911 1802 Ace.
946 1761 1031 1800 246
1062 1755 1174 1800 flore
1207 1773 1241 1800 ω

997 1904 1068 1951 ΧΙ

196 2031 205 2040 .
246 2031 256 2040 .
298 2031 308 2041 .
349 2031 359 2041 .
399 1989 542 2040 terra
581 1987 795 2040 exhalat
831 1991 1014 2040 auram
1053 1987 1120 2039 ad
1158 2005 1404 2040 auroram
1443 1986 1692 2039 umidam.

309 2089 458 2134 Varro
491 2089 548 2132 de
579 2088 609 2134 1.
642 2088 672 2133 l.
705 2088 748 2132 V
772 2093 829 2132 24
852 2088 914 2133 M.
980 2087 1199 2132 ‘humor
1237 2087 1367 2145 hinc,
1406 2087 1567 2144 itaque
1598 2087 1704 2131 ideo
1735 2087 1869 2131 Luci-

191 2147 304 2194 lius:
336 2151 461 2192 terra
492 2147 595 2192 abit
623 2146 673 2191 in
703 2147 887 2191 nimbos
918 2146 1218 2204 imbremque.
1280 2146 1583 2191 Pacuuius:
1617 2149 1771 2190 terra
1796 2181 1806 2190 .
1826 2182 1864 2191 ..

191 2206 497 2263 humidam,
529 2207 827 2251 humectam.’

311 2295 501 2339 exhalat
530 2295 703 2340 Laetus
733 2294 890 2339 exalat
922 2294 974 2338 F
997 2294 1252 2339 exhalabat
1281 2297 1375 2340 cod.
1401 2295 1447 2338 B
1538 2294 1617 2352 ad]
1651 2295 1790 2349 atque
1823 2293 1875 2337 F

280 2368 448 2398 aurora
478 2355 675 2399 Bothius
808 2354 1050 2398 humidam
1081 2372 1116 2398 ω
1237 2354 1428 2398 exhalat
1459 2367 1620 2397 auram
1650 2355 1776 2396 terra
1806 2352 1866 2396 ab

193 2427 359 2458 aurora
388 2412 630 2456 humidam
663 2413 852 2458 Grotius

977 2516 1075 2564 XII

193 2599 514 2670 Graiugena:
554 2600 616 2652 de
654 2600 790 2652 istoc
827 2600 999 2669 aperit
1036 2600 1152 2669 ipsa
1191 2600 1376 2652 oratio.

309 2699 466 2744 Cicero
500 2700 557 2744 de
587 2701 682 2745 nat.
717 2700 840 2745 deor.
872 2700 915 2744 II
937 2705 1016 2756 36,
1042 2705 1095 2744 91
1132 2699 1425 2755 ‘dicaturque
1454 2700 1554 2742 tam
1584 2697 1745 2740 aether
1774 2697 1861 2740 La-

189 2758 286 2802 tine
325 2773 466 2814 quam
504 2759 675 2803 dicitur
706 2763 797 2816 aer,
830 2759 919 2803 etsi
949 2758 1284 2816 interpretatur
1311 2756 1541 2802 Pacuuius
1575 2755 1751 2814 [Chrys.
1785 2757 1861 2821 89]

189 2817 322 2872 quasi
367 2831 478 2861 uero
522 2832 618 2862 non
665 2818 830 2862 Graius
877 2818 966 2862 hoc
1012 2818 1152 2862 dicat.
1212 2818 1276 2860 At
1320 2815 1486 2859 Latine
1531 2814 1749 2870 loquitur.
1814 2814 1861 2858 S1

190 2875 378 2929 quidem
420 2890 506 2920 nos
550 2891 645 2921 non
691 2876 827 2932 quasi
864 2876 1039 2921 Graece
1085 2877 1352 2932 loquentem
1398 2873 1652 2918 audiamus,
1714 2874 1860 2917 Docet

189 2933 314 2977 idem
346 2933 438 2978 alio
469 2935 594 2980 loco:
636 2935 925 2991 Graiugena’
961 2950 998 2979 e.
1031 2950 1074 2991 q.
1109 2950 1143 2978 8.
1207 2933 1416 2987 Quadrat
1444 2932 1680 2989 Euripidis
1710 2931 1858 2988 Iphig‚
