2020 3140
399 102 482 145 EX
512 101 790 146 INCERTIS
821 101 1222 146 INCERTORVM
1251 101 1504 146 FABVLIS
1684 102 1787 155 281

111 235 355 279 Armorum
394 235 567 279 iudicio
608 237 656 279 et
693 236 782 279 hoc
821 237 870 279 et
900 236 991 279 duo
1033 234 1277 291 sequentia
1314 234 1578 292 fragmenta
1614 234 1793 278 inseru-

112 296 247 338 erunt
270 293 344 351 (cf.
369 294 478 339 hist.
504 297 624 351 trag.
651 297 776 352 370):
808 294 1012 338 Pacuvio
1037 295 1091 339 fr.
1108 294 1258 338 XXXI
1280 293 1448 338 tribuit
1470 294 1603 337 Marx
1626 309 1671 350 p.
1691 298 1789 337 132.

231 402 254 440 1
290 400 447 454 aperte
481 397 588 441 aiax
618 397 746 441 fatur
775 399 937 442 Bamb.
964 399 989 442 b
1019 398 1223 454 Apertae
1254 397 1381 441 fatur
1407 397 1653 442 Memmius
1743 411 1791 441 se

111 456 249 501 Herb.
276 457 385 501 Par.
412 458 567 513 Rem,
598 459 718 501 wnde
751 456 818 500 sei
841 457 990 501 Marx
1087 462 1112 500 2
1143 456 1256 500 talis
1286 456 1379 500 fuit
1407 456 1541 501 iubet
1569 455 1658 500 tali
1688 456 1792 500 dari

110 528 239 559 arma
277 515 430 571 qualis
469 516 550 571 qui
587 515 734 572 gessit
770 515 863 559 fuit
903 516 1068 560 Bamb.
1109 532 1139 560 a
1176 530 1288 560 corr.
1324 516 1449 561 Fris.
1488 517 1542 560 i‘n
1576 531 1662 574 my.
1701 515 1791 559 tali

110 573 213 617 dari
244 588 374 618 arma
403 575 556 630 qualis
586 574 669 618 ille
700 574 781 630 qui
810 574 959 631 gessit
987 574 1099 618 talis
1130 574 1222 618 fuit
1251 576 1357 620 Twr.
1383 574 1473 618 tali
1495 574 1599 631 fuit,
1631 577 1791 619 mediis

109 635 297 688 omissis,
330 635 439 679 Par.
471 650 528 679 m.
560 649 627 690 pr.
660 635 801 678 Ber‘n.
833 649 890 677 m.
918 639 940 676 1
973 633 1085 676 talis
1116 633 1208 677 fuit
1231 635 1394 679 Bamb'.
1427 649 1457 678 a
1486 649 1542 678 m.
1562 649 1636 690 pr.
1664 634 1789 679 Fris.

110 693 220 737 Par.
260 707 373 738 corr.
416 693 542 738 Coo-b.
663 697 690 736 3
722 707 804 737 om.
838 693 1000 737 Bamb.
1032 709 1062 737 a
1090 708 1147 736 m.
1174 708 1248 748 pr.
1370 694 1647 749 Pergamum
1678 694 1789 738 Par.

109 752 248 796 Herb.
273 753 413 797 Rern.
445 752 671 809 Pergamo
696 769 732 808 φ
823 757 851 795 4
882 765 1023 807 quam
1050 751 1176 796 Corb.
1203 752 1313 796 Par.
1337 767 1394 796 m.
1421 757 1446 794 2
1479 766 1599 807 quae
1623 753 1786 796 Bamb.

109 811 239 855 Leid.
273 812 475 855 Darmst.
566 825 640 854 me
671 825 754 855 om.
790 811 915 855 Corb.
949 811 1059 855 Par.
1091 826 1147 854 m.
1175 816 1200 854 2
1231 811 1394 855 Bamb.
1427 811 1558 855 Leid.
1586 813 1786 856 Darmst.

197 883 303 913 mea
341 872 412 914 est
449 871 660 914 Parisini
697 872 806 925 duo,
846 871 988 914 Rern.
1021 870 1160 915 Herb.
1198 875 1304 913 11166
1335 872 1407 913 est
1434 870 1647 915 'Parisini
1677 885 1789 915 corr.

112 929 238 973 Corb.
270 943 401 973 mea.
419 943 493 972 me
525 928 649 972 enim
680 931 752 973 est
774 931 938 974 Bamb.
963 929 1094 973 Leid.
1187 942 1308 984 quae
1333 943 1419 986 ego
1443 943 1548 972 mea
1570 929 1790 985 profiteor

109 1001 209 1032 6666
239 1002 314 1032 1116
345 990 415 1032 est
447 1002 616 1044 equum
642 988 735 1031 frui
763 990 871 1034 Twr.
904 1001 1024 1044 quae
1049 1001 1135 1045 ego
1158 1002 1265 1032 mea
1286 988 1507 1044 profiteor
1530 1002 1650 1033 esse:
1681 1003 1792 1032 nam

108 1061 182 1090 me
222 1061 419 1103 aequom
458 1050 529 1091 est
566 1047 658 1090 frui
689 1049 886 1093 Bothius
975 1048 1163 1092 Poterat
1192 1049 1329 1092 etiam
1358 1049 1524 1093 conici:
1560 1061 1634 1091 me
1666 1047 1790 1091 enim

109 1108 193 1162 (vel
222 1106 346 1164 med)
378 1108 587 1150 aecumst
615 1106 708 1150 frui
806 1111 832 1150 5
866 1106 1006 1150 armis
1038 1121 1120 1152 om.
1154 1108 1280 1151 codd.
1312 1108 1466 1152 mutili
1555 1112 1580 1150 6
1612 1106 1725 1162 quia
1751 1144 1788 1151 ..

109 1164 221 1220 quia
250 1166 414 1210 Bamb.
447 1167 651 1210 Darmst.
685 1165 797 1222 quia
822 1201 830 1210 .
853 1203 860 1210 .
887 1166 1013 1222 quod.
1043 1166 1196 1222 Laid„
1234 1180 1329 1210 non
1366 1168 1482 1210 male
1601 1165 1790 1210 uirtutis

107 1225 271 1270 Bamb.
296 1225 428 1270 Leid.
459 1226 665 1270 Darmst.
755 1225 959 1269 remulus
984 1226 1094 1270 Par.
1120 1226 1260 1270 Herb.
1284 1226 1427 1270 Rern.
1458 1225 1583 1270 Corb.
1610 1225 1790 1268 emulus

108 1298 210 1327 sum
241 1285 403 1329 Bamb.
436 1284 566 1329 Leid.
599 1285 806 1329 Damnst.
838 1286 896 1340 cf.
929 1286 1079 1330 coroll.
1111 1284 1219 1327 XXI

869 1425 1032 1471 XXXI

766 1507 907 1560 Aiax

112 1594 276 1647 Cuius
312 1595 427 1664 ipse
465 1596 712 1666 princeps
748 1597 881 1649 iuris
918 1596 1135 1649 iurandi
1168 1598 1295 1666 fuit,

111 1682 264 1746 Quod
304 1685 486 1736 6mnes
524 1685 694 1755 scitiS‚
734 1686 879 1738 solus
915 1686 1156 1756 neglexit
1193 1686 1375 1737 fidem:

109 1771 306 1824 Furere
345 1773 686 1844 adsimulare,
721 1775 791 1826 ne
829 1774 1018 1844 coiret,
1055 1773 1270 1826 institit.

111 1861 265 1924 Quod
302 1860 363 1913 111
397 1860 669 1914 Palamedi
706 1863 986 1932 perspicax
1023 1863 1309 1931 prudentia

107 1948 272 2002 Istius
309 1953 584 2019 percepset
621 1951 946 2004 malitiosam
986 1951 1282 2020 audaciam,

107 2037 237 2090 Fide
275 2042 509 2091 sacratae
546 2039 629 2091 1116
667 2042 925 2109 perpetuo
965 2039 1188 2092 falleret.
1468 2049 1509 2086 ὓ

225 2153 383 2198 Cicero
416 2154 473 2198 de
505 2153 579 2199 off.
602 2155 669 2198 III
693 2161 763 2210 26,
789 2160 844 2199 98
879 2155 1014 2199 ‘utile
1037 2154 1288 2198 uidebatur
1311 2153 1488 2209 Vlixi,
1522 2157 1575 2198 ut
1598 2155 1788 2211 quidem

106 2215 274 2269 poetae
316 2212 487 2279 tragici
522 2213 894 2269 prodideiunt..
914 2214 1031 2259 ‚sed
1068 2213 1346 2256 insimulant
1376 2227 1482 2256 611111
1513 2215 1786 2271 tragoediae

11 2282 17 2287 “
109 2271 406 2315 simulatione
450 2271 663 2316 insaniae
708 2249 928 2316 militiam
975 2272 1294 2338 subterfugere
1333 2271 1573 2318 uoluisse.
1673 2274 1787 2330 quid

109 2330 233 2374 enim
280 2329 548 2373 auditurum
591 2333 731 2387 putas
770 2331 914 2376 fuisse
944 2331 1150 2387 Vlixem,
1199 2330 1238 2373 si
1276 2330 1327 2373 in
1365 2330 1450 2397 illa
1488 2289 1787 2378 simulatione

108 2388 530 2446 perseuerauisset?
560 2389 641 2444 qui
673 2404 778 2433 cum
807 2389 1034 2434 maximas
1064 2404 1137 2433 res
1165 2389 1397 2446 gesserit
1383 2405 1434 2433 m
1457 2390 1597 2446 bello,
1629 2394 1788 2437 tamen

110 2450 247 2492 haec
281 2447 480 2491 audiat
511 2448 579 2492 ab
610 2448 803 2494 Aiace:
836 2449 1021 2492 cuius’
1057 2463 1095 2493 e
1129 2463 1173 2504 q
1208 2463 1241 2491 6.

229 2556 252 2595 1
287 2550 361 2595 6111
391 2551 530 2595 Rern
563 2566 594 2595 a
683 2556 709 2594 3
742 2550 1014 2594 assimulare
1037 2552 1178 2596 Rern.
1211 2566 1234 2595 6
1266 2549 1563 2595 assimulauit
1592 2553 1726 2610 (ads.)
1748 2565 1786 2610 ψ

108 2609 403 2653 insimulauit
444 2610 562 2654 Oehl.
683 2615 711 2653 4
741 2609 983 2654 Palamedi
1013 2611 1175 2654 Bamb.
1209 2611 1413 2655 Wuerzb.
1453 2610 1786 2670 Palamedisep

200 2674 225 2712 5
262 2670 503 2725 percepset
547 2670 645 2713 edd.
658 2704 668 2724 ‚
716 2683 852 2725 quam
894 2670 1089 2724 formam
1134 2671 1185 2712 in
1230 2670 1555 2713 dubitationem
1602 2674 1808 2717 vocabat.

113 2730 380 2783 Madvicus,
420 2729 622 2782 defendit
658 2727 717 2772 A.
751 2727 955 2772 Kochius
985 2727 1269 2784 percepisset
1299 2745 1334 2771 ω
1366 2729 1461 2784 (sed
1490 2728 1506 2770 i
1545 2743 1697 2784 erasa,
1736 2738 1788 2775 ut

110 2788 307 2843 videtwn
355 2789 406 2831 in
451 2788 634 2852 Bambo)
677 2788 924 2842 perspexet
963 2787 1176 2831 Klotzius
1318 2786 1542 2830 astutiam
1584 2765 1703 2833 Gud'.
1743 2806 1786 2846 a,

118 2846 417 2900 Wakefieldus
522 2851 547 2888 6
581 2845 623 2888 ei
656 2845 713 2888 de
745 2846 918 2889 Bernn.
945 2862 974 2889 a
999 2848 1023 2890 b
1056 2845 1169 2889 fides
1203 2845 1499 2890 Hermannus
1604 2851 1789 2893 sacrata

109 2904 312 2949 Ambros.
347 2905 508 2949 Bamb.
542 2905 745 2949 Wuerzb.
777 2905 951 2948 Bermv.
977 2920 1006 2949 a
1031 2906 1055 2949 b
1085 2905 1203 2949 Oehl.
1238 2907 1472 2948 sacratum
1503 2905 1643 2951 Bern.
1676 2922 1699 2951 6

1768 1619 1877 1668 ,55

1822 2061 1877 2101 60
