2010 3146
231 109 305 161 44
920 107 971 162 Q
1003 107 1228 152 ENNIVS

234 244 396 300 quibus
434 254 609 298 augens
641 241 699 285 A
733 240 996 307 Spenyelius
1035 239 1222 297 agitans
1263 240 1490 286 Vahlenus
1519 241 1615 285 ind.
1649 241 1760 285 lectt.
1795 243 1910 284 1880

227 316 276 359 p.
312 306 365 344 13
416 299 576 344 stellas
624 313 795 356 cogens
843 298 1043 343 sublime
1089 298 1234 343 etiam
1275 313 1316 343 a.
1358 313 1395 344 e.
1435 314 1480 344 n.
1511 298 1542 344 i.
1590 298 1811 356 Scaliyer‚
1858 300 1911 344 in

234 362 395 418 quibus
420 359 581 403 stellas
606 359 689 403 del.
716 359 1027 414 Hermannus,
1053 371 1222 415 cogens
1247 363 1352 404 ante
1374 357 1465 402 iter
1487 364 1659 415 transp.
1685 359 1912 417 Berykius

234 420 306 475 (cf.
347 419 495 463 coroll.
528 417 671 473 XXV)
712 417 943 461 sublimen
983 430 1126 474 agens
1158 418 1262 462 Bue
1382 430 1550 474 cogens
1581 419 1711 463 habet
1742 417 1910 463 Seneca

237 478 320 533 Hs.
349 482 433 521 128
523 482 551 521 4
581 475 733 521 noctis
765 478 848 522 del.
880 491 914 522 x

1042 557 1095 604 H

940 639 1274 712 Agamemno

499 728 754 782 Procede:
793 729 1018 800 gradum
1055 730 1296 799 proferre
1333 730 1551 800 pedum,

498 817 708 888 Nitere‚
747 836 939 887 cessaS,
979 837 1009 870 ο
1048 817 1157 871 fide
1189 862 1199 872 .
1233 861 1244 872 .
1275 818 1303 871 *Ρ

353 911 517 955 Festus
548 927 592 968 p
628 916 712 955 249
737 911 798 956 M.
836 912 1063 968 ‘pedum
1094 914 1167 956 est
1196 911 1387 968 quidem
1413 911 1634 955 baculum
1655 911 1913 968 incuruum‚

236 984 327 1026 quo
372 972 583 1027 pastores
628 972 826 1014 utuntur
856 997 912 1003 —-
944 998 1001 1003 —
1033 998 1092 1003 —
1130 971 1212 1015 sed
1249 971 1299 1015 in
1338 984 1392 1015 eo
1430 984 1588 1027 uersu,
1637 969 1719 1026 qui
1754 972 1825 1015 est
1863 970 1915 1014 in

236 1029 481 1086 Iphigenia
504 1029 648 1075 Enni:
679 1030 924 1087 procede
955 1045 998 1087 g
1030 1046 1076 1088 p.
1107 1045 1151 1087 p.
1184 1045 1229 1075 n.
1263 1036 1483 1075 cessas?
1514 1029 1564 1073 id
1594 1029 1748 1086 ipsum
1770 1029 1914 1074 bacu-

237 1088 337 1132 lum
371 1087 625 1146 significari
657 1103 762 1132 cum
793 1089 863 1133 ait
879 1088 1091 1146 Verrius,
1121 1088 1283 1133 mirari
1313 1088 1428 1133 satis
1458 1102 1553 1133 non
1574 1103 1778 1146 possum,
1810 1103 1915 1133 cum

239 1147 300 1191 sit
342 1148 454 1191 ordo
485 1147 619 1204 talis,
660 1150 707 1192 et
737 1162 820 1205 per
851 1162 957 1192 eum
989 1148 1269 1205 significatio
1302 1150 1486 1205 aperta,
1525 1148 1759 1205 gradum
1787 1162 1914 1205 pro·

236 1206 385 1250 ferre
415 1207 618 1263 pedum
650 1214 870 1252 cessas?
901 1207 1121 1253 nitere.’
1186 1207 1337 1253 Schol.
1370 1207 1537 1252 Veron.
1571 1206 1621 1250 in
1643 1207 1780 1263 Verg.
1814 1207 1911 1252 Ecl.

237 1270 287 1322 5,
321 1269 376 1309 88
423 1281 467 1322 p.
505 1271 557 1310 72
596 1266 651 1310 Κ.
725 1266 953 1323 ‘pedum
986 1302 995 1310 .
1024 1303 1032 1311 .
1060 1302 1070 1311 .
1104 1269 1176 1311 est
1227 1266 1449 1310 baculum
1500 1280 1768 1323 recuruum,
1822 1281 1914 1322 quo

235 1327 447 1381 pastores
479 1327 709 1370 utuntur.
759 1327 849 1370 ,ut
879 1325 949 1369 ait
971 1325 1190 1369 Ennius'
1176 1341 1226 1369 m
1248 1325 1460 1382 Ifigenia:
1492 1325 1752 1382 gradum.
1775 1325 1911 1370 ,fide

238 1383 430 1442 dici[tur
451 1384 623 1440 pedum
705 1398 742 1428 e.
769 1399 811 1440 q.
839 1400 873 1429 8.
906 1386 1028 1429 teste
1050 1384 1257 1429 Arnoldo
1280 1385 1569 1429 Herrmanno
1602 1398 1707 1429 ann.
1732 1362 1912 1441 Ρ1111011.

240 1447 353 1487 1866
385 1458 429 1499 p.
455 1448 525 1487 66.
589 1458 644 1487 c.
677 1443 834 1500 Eurip.
871 1448 954 1488 137
994 1443 1094 1488 ἀλλ’
1137 1442 1211 1488 ἴθ’
1254 1440 1453 1501 ἐρέσσων
1492 1443 1575 1488 σὸν
1608 1442 1755 1499 πόδα,
1795 1443 1915 1504 γήρᾳ

236 1501 406 1558 Μηὸεν
460 1500 676 1547 ὑπείκων.
749 1459 907 1547 Cipcero
954 1502 1087 1548 Tusc.
1126 1503 1192 1547 ΠΙ
1231 1508 1308 1560 24,
1349 1507 1404 1546 57
1459 1502 1532 1546 1118
1589 1502 1673 1546 ‘de
1717 1517 1916 1559 pauper-

236 1562 337 1604 tate
390 1560 588 1618 agitur.
624 1598 631 1607 .
668 1598 676 1606 .
712 1599 720 1607 .
753 1576 838 1628 nec
894 1561 1057 1606 siletur
1108 1561 1258 1605 illud
1298 1539 1708 1618 potentissimi
1760 1561 1915 1617 regis

238 1623 636 1676 anapaestum,
684 1620 779 1677 qui
824 1620 1026 1665 laudat
1074 1634 1260 1665 senem
1300 1623 1356 1665 et
1394 1620 1754 1664 fortunatum
1792 1634 1915 1664 esse

238 1678 407 1734 dicit,
448 1680 596 1735 quod.
634 1679 921 1737 inglorius
963 1680 1039 1724 sit
1078 1682 1247 1736 atque
1287 1679 1568 1746 ignobilis
1609 1679 1677 1723 ad
1721 1693 1915 1736 supre-

238 1752 381 1781 mum
429 1738 576 1782 diem
620 1740 1033 1796 peruenturus’
1082 1741 1240 1783 utrum
1284 1738 1554 1796 Euripidem
1600 1741 1809 1797 (16sqq.)
1855 1753 1915 1783 an

241 1796 443 1840 Ennium
474 1797 524 1840 in
553 1800 710 1842 mente
741 1797 961 1842 habuerit
990 1797 1219 1842 incertum
1249 1800 1334 1843 est.

359 1883 380 1922 1
400 1893 460 1936 sq.
492 1879 685 1935 pedum,
724 1878 907 1935 Nitere‚
949 1886 1132 1924 cessas?
1178 1894 1280 1924 cum
1319 1879 1453 1924 Festo
1493 1879 1810 1924 Hermannus:
1856 1880 1912 1934 cf.

248 1938 477 1982 Vahlenus
509 1940 536 1982 l.
570 1939 596 1982 l.
632 1943 700 1982 16.
751 1937 901 1982 nitere
932 1940 995 1983 ad
1023 1937 1228 1995 proferre
1258 1939 1366 1984 olim
1395 1939 1551 1984 rettuli
1581 1940 1745 1995 (coroll.
1771 1937 1915 1994 XXV)

330 2002 354 2040 2
389 2011 414 2040 0
446 1997 537 2041 fide
567 1999 699 2042 schol.
737 1998 912 2054 Veron„
945 2011 1026 2042 om.
1062 1998 1226 2042 Festus
1315 2010 1455 2041 senex
1486 1998 1667 2042 addidit
1689 1997 1916 2055 Bequius

1038 2107 1116 2155 111

973 2189 1179 2244 Chorus

311 2276 452 2331 'Otio
493 2279 585 2348 qui
623 2279 793 2332 nescit
830 2280 935 2350 uti,
971 2279 1093 2349 plus
1131 2279 1315 2350 negoti
1352 2278 1537 2347 habet,

242 2365 412 2428 Quam
451 2368 496 2419 si
536 2368 674 2420 cuist
710 2368 1021 2438 negotiosus
1060 2367 1268 2420 animus
1306 2367 1363 2419 in
1401 2367 1632 2438 negotio.

154 2463 237 2503 185
254 2453 395 2507 Nam
435 2456 519 2507 cui
559 2456 701 2525 quod
739 2459 865 2527 agat
901 2456 1264 2509 institutumst
1300 2456 1462 2508 militi
1500 2455 1776 2525 negotium

239 2539 318 2593 'Id
357 2542 491 2612 agit,
530 2543 585 2595 id
619 2544 819 2614 studet,
857 2544 935 2596 ibi
965 2547 1198 2597 mentem
1231 2547 1390 2612 atque
1422 2543 1657 2595 animum
1690 2542 1915 2594 delectat

1297 2650 1465 2684 suum.

312 2715 513 2770 'Otioso
553 2718 610 2770 in
649 2720 759 2772 otio
800 2721 1007 2773 animus
1045 2721 1214 2773 nescit
1253 2719 1382 2789 quid
1419 2719 1564 2771 uelit.
1892 2733 1912 2765 5

240 2804 357 2857 Hoc
396 2805 536 2857 idem
576 2809 676 2858 est:
724 2825 806 2859 em
848 2809 1019 2876 neque
1060 2808 1203 2860 domi
1240 2824 1381 2881 nunc
1418 2807 1516 2858 nos
1554 2824 1650 2858 nec
1688 2806 1912 2859 militiae

1298 2912 1501 2946 sumus:
