1980 3146
808 91 862 145 Q.
892 92 1118 137 ENNIVS
1735 93 1803 146 61

901 231 1026 280 VIH

125 315 228 369 'Ibi
266 318 382 369 tum
422 314 703 385 derepente
742 334 807 369 ex
845 316 955 369 alto
994 316 1052 369 in
1088 316 1259 369 altum
1298 315 1538 387 despexit
1574 336 1732 370 mare.

246 417 365 461 Non.
391 420 492 473 518,
511 421 537 460 5
573 417 907 473 ‘derepente
936 417 1023 462 ...’

246 505 297 549 in
328 505 503 550 salsum
532 520 567 551 x

135 653 144 661 .
246 594 352 696 Η1ιῗ1
363 593 726 697 611111613188618111
747 593 837 638 1110.
861 607 983 638 110111.
1008 594 1158 638 XXVI
1180 593 1269 638 inc.
1295 594 1384 638 inc.
1409 594 1504 639 fab.
1531 593 1694 639 CXVII
1716 593 1806 639 inc.

131 668 220 699 1110.
252 668 314 711 pa
356 691 364 698 .
399 669 440 698 v.
536 689 545 698 .

833 732 1106 781 TELAMO

954 830 979 877 I

860 913 1078 967 Telamo

131 1002 267 1074 'Ego
307 1002 463 1055 deum
502 1020 671 1073 genus
710 1003 822 1055 esse
860 1020 1067 1072 semper
1107 1003 1218 1055 dixi
1258 1006 1311 1056 et
1346 1003 1517 1056 dicam
1547 1003 1811 1073 caelitum,

133 1091 238 1145 Sed
268 1109 358 1143 eos
387 1109 497 1143 non
528 1091 713 1143 curare
745 1091 950 1160 opinor,
982 1090 1112 1160 quid
1144 1095 1268 1162 agat
1290 1091 1584 1144 humanum
1607 1110 1796 1162 genus:
1814 1105 1899 1144 270

130 1179 272 1234 Nam
304 1180 350 1233 si
382 1184 590 1249 curent,
628 1179 763 1232 bene
794 1179 949 1232 bonis
979 1180 1073 1250 sit,
1110 1181 1248 1234 male
1279 1180 1457 1246 malis,
1497 1180 1640 1250 quod
1669 1183 1811 1233 minc

1192 1269 1356 1323 abest.

252 1362 412 1407 Cicero
454 1362 510 1406 de
552 1362 645 1407 div.
677 1362 721 1406 II
752 1366 942 1418 50,104
985 1363 1064 1406 ‘an
1093 1364 1255 1407 noster
1283 1362 1492 1408 Ennius?
1530 1362 1612 1419 qui
1640 1376 1811 1420 magno

132 1421 302 1479 plausu
348 1421 558 1477 loquitur
604 1421 889 1466 assentiente
933 1436 1027 1479 pop
995 1421 1107 1479 pulo
1154 1423 1214 1480 [1.
1257 1423 1318 1524 211]
1391 1422 1452 1466 Et
1497 1421 1687 1478 quidem
1733 1435 1814 1465 cur

135 1480 202 1524 sic
242 1480 479 1538 opinetur,
526 1480 758 1525 rationem
795 1480 980 1525 subicit.
1044 1481 1135 1526 Sed
1154 1423 1270 1524 [nih
1332 1483 1404 1525 est
1440 1494 1628 1525 necesse
1659 1480 1813 1525 dicere

134 1553 256 1596 quae
297 1541 536 1585 secuntur:
576 1542 765 1584 tantum
803 1542 878 1584 sat
913 1542 985 1584 est
1013 1539 1229 1598 intellegi
1179 1555 1249 1598 g1,
1288 1540 1339 1584 id
1371 1553 1551 1584 sumere
1580 1539 1698 1584 istos
1728 1554 1812 1597 pro

134 1601 277 1655 certo,
310 1599 448 1679 quode
468 1598 663 1642 dubium
694 1601 1135 1655 controuersumque
1167 1599 1261 1643 sit.’
1309 1599 1440 1644 Idem
1470 1599 1527 1644 de
1557 1601 1653 1643 nat.
1688 1599 1812 1644 deor.

134 1658 199 1702 III
230 1635 308 1714 32,
337 1663 391 1702 79
435 1657 688 1702 ‘Telamo
727 1660 886 1702 autem
922 1672 1016 1702 uno
1054 1673 1192 1703 uersu
1230 1660 1384 1702 totum
1420 1658 1575 1702 locum
1614 1658 1812 1714 conficit,

136 1732 217 1760 0111·
256 1717 305 1760 di
344 1716 557 1761 homines
584 1717 840 1775 neglegant
863 1718 964 1776 [3].’
1027 1717 1156 1762 Idem
1189 1717 1247 1762 de
1279 1717 1371 1762 div.
1396 1718 1418 1761 I
1441 1721 1518 1774 58,
1546 1722 1629 1761 132
1653 1717 1728 1775 (cf.
1753 1717 1814 1775 II)

947 1828 1000 1876 H

138 1910 243 1964 Sed
280 1911 639 1981 superstitiosi
676 1915 826 1964 uates
863 1911 1286 1982 mpudentesque
1324 1912 1500 1981 arioli,

136 1999 250 2052 Alit
288 2000 485 2052 inertes
523 2002 617 2052 alit
654 1999 829 2053 insani
867 2005 959 2052 aut
999 2001 1195 2070 quibus
1234 2003 1440 2071 egestas
1476 1999 1726 2069 imperat,

138 2088 249 2152 Qus
281 2089 387 2141 sibi
425 2088 671 2141 semitam
706 2107 816 2141 non
854 2089 1084 2158 sapiunt,
1123 2089 1278 2142 alteri
1314 2089 1618 2142 monstrant
1645 2089 1813 2157 uiam,

139 2175 346 2240 Quibus
372 2177 587 2229 diuitias
610 2176 945 2246 pollicentur,
968 2177 1035 2230 ab
1061 2179 1136 2230 eis
1157 2178 1460 2230 dracumam
1476 2175 1584 2246 ipsi
1594 2180 1798 2246 petunt.
1817 2190 1901 2230 275

141 2264 245 2335 [De
268 2264 354 2318 his
378 2266 583 2318 diuitiis
606 2265 710 2318 ssbi
735 2266 996 2318 deducant
1020 2266 1338 2335 draoumam,
1361 2265 1584 2318 reddant
1602 2266 1812 2332 cetera]

259 2365 417 2410 Cicero
450 2366 507 2410 de
540 2366 632 2410 div.
657 2367 679 2411 I
703 2371 884 2422 58,132
922 2367 1060 2411 ‘nunc
1090 2366 1176 2410 illa
1206 2365 1429 2422 testabor,
1461 2379 1555 2410 non
1581 2380 1655 2411 me
1680 2365 1816 2410 sorti-

140 2425 270 2482 legos
301 2439 452 2480 neque
485 2439 583 2481 eos,
621 2425 702 2481 qui
733 2403 954 2481 quaestus
986 2440 1128 2469 causa
1159 2424 1449 2472 ariolentur.
1512 2439 1813 2483 .agnoscere.

139 2485 247 2527 Non
298 2484 451 2528 habeo
504 2484 703 2540 denique
748 2484 889 2528 nauci
933 2485 1140 2528 Marsum
1186 2497 1428 2540 augurem,
1482 2498 1577 2528 non
1622 2484 1814 2528 uicanos

142 2543 399 2600 aruspices,
446 2557 539 2587 non
584 2544 640 2587 de
681 2543 801 2587 circo
842 2543 1123 2600 astrologos,
1169 2557 1266 2587 non
1301 2542 1475 2587 Isiacos
1515 2543 1813 2599 coniectores,

139 2616 235 2646 non
279 2602 557 2659 interpretes
598 2602 893 2647 somniorum.
955 2603 1061 2646 Non
1100 2601 1224 2646 enim
1263 2604 1372 2646 sunt
1408 2601 1459 2645 hi
1497 2604 1581 2646 aut
1619 2601 1816 2646 scientia

142 2663 225 2704 aut
272 2664 371 2704 arte
419 2661 588 2718 diuini,
637 2661 734 2705 sed
782 2660 1208 2718 superstitiosi’
1241 2674 1280 2704 e.
1314 2676 1356 2716 q.
1390 2675 1424 2705 8.
1490 2661 1660 2716 ‘Atque
1699 2661 1816 2713 haec

143 2719 332 2774 quidem
362 2720 560 2777 Ennius,
600 2720 681 2776 qui
718 2720 881 2777 paucis
921 2722 1029 2764 ante
1068 2719 1280 2764 uersibus
1321 2733 1443 2764 esse
1480 2720 1612 2763 deos
1645 2722 1814 2776 censet,

144 2778 240 2821 sed
287 2792 379 2823 eos
426 2794 536 2823 non
582 2793 778 2823 curare
827 2779 1118 2836 opinatur,
1166 2778 1302 2835 quid
1345 2780 1480 2835 agat
1518 2779 1816 2822 humanum

143 2839 353 2892 genus.'
414 2838 652 2883 Ennianos
683 2852 842 2882 versus
875 2839 1061 2883 demum
1092 2853 1120 2882 a
1152 2837 1306 2882 verbis
1343 2838 1443 2881 ‘sed
1475 2837 1812 2894 superstitiosi’

143 2895 346 2953 incipere
377 2896 611 2942 intellexit
641 2897 851 2942 Bothius.
