1980 3146
167 131 236 183 56
855 128 906 183 Q.
937 128 1163 173 ENNIVS

945 268 1063 316 XIV

164 353 407 424 Iuppiter
444 357 608 423 tuque
648 353 778 406 adeo
818 371 1022 405 summe
1055 351 1170 423 861,
1210 353 1302 421 qui
1339 371 1424 406 res
1462 353 1635 407 omm's
1669 345 1842 425 spiciS‚¹

169 442 377 511 Quique
408 444 501 494 tuo
525 441 717 511 (cum)
740 441 941 494 himine
972 459 1118 494 mare
1141 441 1340 493 terram
1362 441 1566 495 caelum
1590 443 1841 513 c6ntineS,

165 530 389 599 'Inspice
412 530 514 583 hoc
537 531 758 601 facinus,
779 530 930 599 prius
954 548 1115 599 quam
1135 529 1256 583 fiat:
1278 529 1635 599 prohibessel's
1651 527 1839 584 scelus!

283 645 461 690 Probus
498 645 548 689 in
586 646 723 702 Verg.
763 645 860 691 Ecl.
895 651 943 702 6,
969 650 1022 689 31
1054 661 1099 703 p.
1129 651 1182 690 16
1206 646 1259 691 Κ.
1310 646 1544 690 ‘similiter
1582 649 1629 691 et
1665 647 1840 691 Ennius

166 705 215 748 in
246 705 442 749 Medea
474 705 637 749 exule
668 705 718 748 in
748 705 823 748 his
854 705 1090 751 uersibus:
1128 705 1354 763 Iuppiizer’
1389 719 1427 750 e.
1460 721 1504 762 q.
1537 721 1571 751 s.
1637 707 1763 750 ‘nam
1793 709 1842 750 et

166 764 242 807 hic
280 763 489 821 Iuppiter
527 766 575 808 et
613 764 692 809 Sol
729 778 812 821 pro
851 763 972 822 igni,
1012 764 1093 820 qui
1130 779 1258 809 mare
1297 767 1344 809 ei:
1382 767 1555 809 terram
1586 768 1633 810 et
1664 765 1842 809 caelum

168 823 410 868 continet?
473 822 720 880 Euripides
739 839 793 876 ,v.
823 828 959 869 1251:

432 883 484 926 ἰὼ
516 886 589 926 Γᾶ
618 898 666 926 τε
698 883 780 926 καὶ
809 882 1038 940 παμφαὴς

431 942 563 994 ἀκτὶς
588 939 775 999 Ἀελίου,
808 940 1012 986 κατίδετ’
1047 942 1168 987 ἴδετε
1198 942 1286 988 τὰν

433 999 661 1058 ὀλομέναν
691 1008 914 1058 γυναῖκα,
946 1002 1059 1056 πρὶν
1091 1001 1285 1060 φοινίαν

431 1058 611 1112 τέκνοις
640 1062 922 1120 προσβαλεῖν
951 1058 1049 1118 χέρ’
1085 1061 1384 1107 αὐτοκτόνον.

289 1169 311 1207 1
345 1163 426 1219 qui
456 1177 529 1207 res
562 1163 710 1207 omnis
742 1181 777 1207 ω
809 1163 890 1219 qui
919 1163 1068 1208 omnis
1092 1178 1165 1208 res
1190 1165 1253 1209 H.
1280 1165 1463 1210 Keilius
1485 1178 1557 1209 res
1582 1165 1660 1220 qui
1685 1179 1843 1209 omnes

177 1223 360 1267 Vossius
389 1236 461 1266 res
495 1237 653 1267 omnes
685 1222 766 1279 qui
798 1224 1028 1269 Porscmus
1133 1223 1272 1281 spicis
1305 1225 1531 1269 Vahleuus
1552 1239 1663 1269 mus.
1696 1225 1842 1269 Rheu.

171 1287 247 1336 14,
279 1286 363 1326 566
402 1281 595 1339 inspicis
627 1300 661 1326 ω
812 1287 838 1325 2
870 1284 952 1326 'nuo
993 1297 1098 1326 cum
1136 1282 1310 1327 lumine
1341 1284 1459 1328 idem
1488 1285 1570 1327 tuo
1600 1283 1775 1328 lumine
1807 1301 1841 1328 ω

166 1340 341 1385 lumine
379 1343 462 1386 tuo
493 1342 725 1387 Porsouus
764 1341 932 1386 obtubu
970 1341 1160 1386 luminis
1190 1343 1294 1386 Bue
1434 1341 1583 1386 maria
1613 1343 1845 1388 Porsouus

170 1402 243 1455 (of.
277 1401 426 1445 coroll.
460 1401 625 1458 XXJX)
745 1403 936 1445 contues
971 1402 1153 1446 Vossius
1272 1401 1444 1457 quique
1482 1401 1632 1446 maria
1670 1404 1843 1446 terram

169 1458 350 1502 caelum
384 1459 595 1504 conbines
626 1461 707 1503 tuo
739 1459 914 1504 lumine
948 1460 1262 1505 Fleckeiseuus
1388 1465 1414 1503 3
1446 1460 1530 1504 fiai,
1558 1463 1691 1519 vulyo
1722 1461 1776 1505 fit
1806 1478 1842 1504 ω

254 1518 567 1574 prohibesseis
595 1519 911 1564 Fleckeiseuus
931 1519 1204 1576 prohibesse
1229 1522 1276 1564 et
1300 1519 1409 1565 Par.
1441 1519 1713 1576 prohibesse
1740 1521 1840 1566 Vat.

167 1577 453 1633 prohibessis
478 1579 674 1623 Bothius
703 1577 900 1634 prohibe
924 1579 1158 1637 Egnatius
1188 1579 1276 1623 hoc
1307 1578 1502 1636 prohibe
1524 1580 1707 1624 Vossius

962 1718 1054 1765 XV

81 1814 167 1853 240
186 1799 287 1864 Qui
311 1801 425 1870 ipse
449 1802 553 1854 sibi
578 1803 787 1871 sapiens
810 1803 1058 1872 prodesse
1078 1803 1186 1855 n6n
1204 1803 1336 1873 quit,
1350 1802 1673 1872 nequiquam
1691 1803 1846 1871 sapit.

286 1917 445 1962 Cicero
492 1917 553 1962 ad
598 1918 745 1963 famil.
777 1918 865 1963 VH
897 1923 923 1962 6
963 1918 1036 1976 (cf.
1069 1918 1129 1969 V)
1189 1918 1319 1962 Idem
1365 1918 1423 1962 de
1471 1917 1544 1963 off.
1580 1918 1646 1961 ΠΙ
1678 1923 1754 1975 15,
1788 1923 1842 1962 62

172 1975 311 2019 ‘haec
342 1975 487 2033 igitur
518 1979 590 2021 esh
619 1977 705 2021 illa
733 1977 975 2034 pernicies,
1009 1978 1135 2034 quod
1166 1977 1284 2022 alios
1314 1977 1476 2034 bonos,
1509 1977 1628 2021 alios
1661 1977 1845 2034 sapien-

168 2036 238 2077 tes
272 2034 554 2081 existimant.
602 2036 672 2079 Ex
703 2051 795 2092 quo
818 2036 996 2080 Ennius
1024 2036 1366 2092 nequiquam
1397 2050 1594 2093 sapere
1619 2036 1845 2093 sapien-

168 2095 299 2150 tem,
332 2094 430 2150 qui
462 2094 583 2152 ipse
611 2095 725 2139 sibi
746 2096 1017 2153 prodesse
1040 2110 1149 2140 non
1173 2096 1377 2151 quiret.
1425 2096 1544 2140 Vere
1567 2095 1618 2138 id
1642 2095 1842 2151 quidem,

170 2151 223 2208 si,
256 2152 370 2208 quid
394 2157 516 2198 esset
538 2155 772 2211 prodesse,
803 2154 921 2198 mihi
945 2169 1050 2198 cum
1072 2154 1222 2199 Ennio
1247 2154 1547 2199 conueniret?
1603 2154 1844 2198 Sententia

167 2210 404 2268 Euripidis
438 2216 509 2257 est
539 2214 593 2258 fr.
625 2218 708 2258 905
732 2214 835 2259 N².:
868 2222 982 2271 μισῶ
1014 2214 1252 2271 σοφιστήν,
1285 2215 1406 2266 ὅστις
1430 2215 1512 2271 οὐχ
1538 2214 1661 2272 αὑτῷ
1686 2212 1842 2270 σοφός.

286 2314 413 2370 ipsus
448 2316 669 2362 Columna
698 2317 790 2374 ipsi
821 2317 1085 2375 Speuyelz'us
1115 2319 1168 2361 iu
1196 2318 1389 2362 senariis

947 2456 1065 2504 XVI

168 2534 406 2590 'Vtinam
432 2557 499 2591 ne
522 2558 792 2610 umquam,
822 2539 991 2610 Mede,
1026 2539 1237 2592 Colchis
1262 2539 1452 2608 cupido
1478 2539 1633 2590 corde
1655 2538 1843 2606 pedem

1228 2628 1526 2680 extulisses!

294 2726 413 2771 Non.
462 2732 569 2783 297,
613 2732 670 2772 16
726 2728 960 2772 ‘efferre
1016 2727 1250 2785 significat
1300 2727 1628 2784 proferre...
1665 2725 1842 2768 Ennius

170 2784 337 2829 Medea
363 2822 371 2830 .
400 2823 408 2830 .
437 2787 464 2830 .’
530 2787 585 2831 cf.
618 2787 855 2844 Euripidis
887 2803 927 2832 v.
961 2792 1045 2831 431
1089 2788 1143 2831 σὺ
1183 2785 1229 2831 δ’
1266 2782 1317 2830 ἐκ
1349 2785 1433 2843 μὲν
1466 2785 1606 2829 οἴκων
1635 2784 1842 2840 πατρίων

171 2842 393 2895 ἔπλευσας
423 2844 704 2907 Μαινομένᾳ
735 2844 919 2907 κραδίᾳ.

288 2931 424 2976 Mede
470 2935 667 2979 nominis
710 2936 903 2989 formam
948 2935 1200 2980 viudicavit
1245 2933 1502 2977 Meiuekius
1547 2933 1669 2977 aual.
1710 2932 1842 2976 Alex.
