1980 3146
213 90 315 142 128
847 89 907 133 Μ.
939 88 1237 133 PACVVIVS

210 224 576 295 indignaretur
621 241 686 276 ex
730 225 1016 275 matertera
1060 241 1155 276 sua
1199 222 1403 276 Semele
1448 222 1690 294 genitum
1728 221 1881 274 Libe-

210 330 330 365 rum
366 314 572 381 patrem
611 311 716 363 coli
754 314 1028 380 tamquam
1060 311 1231 381 deum,
1269 314 1331 363 ut
1360 311 1593 380 primum
1624 310 1883 379 comperit

212 419 332 453 eum
385 400 442 452 in
489 399 806 452 Cithaerone
852 402 1033 452 monte
1080 418 1214 470 esse,
1266 400 1415 452 misit
1459 400 1736 468 satellites,
1790 398 1884 468 qui

213 507 331 541 eum
369 488 611 540 uinctum
650 488 717 540 ad
754 506 809 540 se
845 488 1207 557 perducerent.
1279 488 1374 557 qui
1412 505 1532 540 cum
1570 488 1745 557 ipsum
1776 505 1885 539 non

211 577 558 646 inuenissent,
603 595 770 629 unum
818 595 881 629 ex
921 577 1207 630 comitibus
1245 577 1358 629 eius
1395 574 1633 629 Acoeten
1670 579 1884 645 captum

213 666 278 718 ad
321 665 618 718 Pentheum
664 665 1040 734 perduxerunt.
1116 666 1162 718 is
1209 683 1330 718 cum
1377 665 1439 717 de
1482 683 1543 717 eo
1582 665 1883 735 grauiorem

211 773 437 824 poenam
467 754 828 824 constitueret,
859 754 1015 807 iussit
1042 773 1163 807 eum
1186 754 1403 807 interim
1427 753 1600 806 claudi
1622 753 1885 805 uinctum:

212 861 437 912 cumque
478 845 667 912 sponte
706 861 800 895 sua
839 846 892 895 et
927 843 1153 896 carceris
1191 842 1332 896 fores
1370 845 1582 911 apertae
1621 844 1794 894 essent
1832 843 1885 893 et

127 947 133 951 ·
211 931 446 984 uincula>
470 930 661 985 Acoeti
712 931 1051 1001 excidissent,
1103 931 1327 984 miratus
1372 930 1641 983 Pentheus
1687 920 1884 999 specta-

212 1023 364 1072 turus
395 1038 541 1072 sacra
574 1020 753 1073 Liberi
783 1020 951 1089 patris
981 1019 1302 1072 Cithaerona
1331 1019 1487 1088 petit:
1520 1037 1677 1088 quem
1708 1019 1883 1071 uisum

212 1108 449 1161 Bacchae
481 1109 883 1178 discerpserunt.
935 1109 1117 1178 -prima
1147 1111 1325 1161 autem
1355 1106 1541 1179 Agaue
1572 1111 1743 1160 mater
1773 1108 1886 1160 eius

213 1200 511 1267 amputasse
550 1201 709 1267 caput
748 1198 963 1267 dicitur,
1000 1198 1168 1250 feram
1208 1215 1318 1249 esse
1358 1196 1700 1249 existimans.’

330 1299 385 1343 cf.
418 1298 653 1355 Euripidis
685 1299 897 1342 Bacchae
930 1302 977 1342 et
1010 1297 1167 1342 Ovidii
1197 1300 1383 1342 metam.
1416 1297 1480 1341 m
1504 1302 1586 1341 511
1608 1312 1705 1353 sqq.

883 1481 1220 1530 PERIBOEA

1036 1586 1062 1633 I

365 1713 374 1723 .
413 1670 577 1722 ardua
613 1688 710 1740 per
747 1670 864 1723 loca
903 1670 1133 1741 agrestia
1170 1688 1264 1740 pes

362 1758 682 1828 Trepidante
721 1759 890 1830 gradu
927 1757 1123 1812 nititur
1163 1802 1173 1811 .
1215 1802 1225 1811 .

331 1859 450 1904 Non.
484 1864 583 1915 353,
611 1865 666 1904 14
700 1859 837 1903 ‘niti
865 1874 1047 1903 rursum
1078 1859 1349 1905 ambulare.'

336 1953 358 1993 1
377 1963 438 2006 sq.
471 1954 740 2005 anapaestos
769 1950 953 2007 aynovit
984 1949 1176 1994 Vossius.
1286 1954 1309 1992 1
1343 1948 1545 2005 agrestia
1575 1962 1656 2005 pes
1689 1950 1773 2004 (vel
1803 1947 1886 2005 sic)

215 2009 379 2066 scripsi
408 2007 613 2065 agrestia
645 2022 698 2051 ac
731 2018 767 2065 ψ
801 2006 975 2064 agresti
1008 2021 1061 2051 ac
1093 2008 1139 2051 B
1172 2007 1467 2065 agrestiaque
1499 2021 1636 2065 aegre
1667 2008 1770 2052 Bue

1023 2147 1075 2194 H

365 2274 376 2283 .
419 2274 429 2283 .
468 2249 765 2300 corpusque
804 2233 982 2283 meum
1021 2231 1117 2283 tali

132 2328 216 2367 275
365 2319 604 2372 Maerore
645 2337 820 2372 errore
858 2320 1067 2372 macore
1106 2322 1267 2371 senet.

336 2419 453 2465 Non.
489 2425 587 2476 137,
614 2425 636 2463 1
674 2420 917 2463 ‘macore
948 2433 1031 2476 pro
1062 2419 1244 2463 macie.’

339 2513 361 2551 1
394 2507 502 2567 tali]
531 2509 642 2552 tabe
674 2509 740 2552 ed.
767 2513 879 2552 1526
908 2510 982 2564 (cf.
1007 2510 1155 2553 coroll.
1180 2508 1319 2564 XLV)
1410 2513 1435 2551 2
1469 2521 1592 2551 error
1621 2505 1667 2551 L
1697 2518 1886 2561 aegrore

220 2567 556 2612 Lachmannus.
618 2568 675 2622 cf.
709 2568 873 2611 Plauti
903 2567 1026 2612 Rud.
1053 2571 1138 2610 215
1170 2568 1336 2624 (coroll.
1370 2565 1508 2622 XLV)

1019 2705 1095 2753 111

222 2788 381 2858 Lapit
418 2806 509 2841 cor
547 2807 694 2858 cura,
733 2792 983 2842 aerumna
1021 2806 1212 2857 corpus
1253 2787 1478 2840 conficit.

338 2888 456 2933 Non.
482 2893 552 2945 23,
578 2893 604 2932 8
639 2888 812 2945 ‘lapit
842 2888 1076 2946 significat
1106 2886 1396 2932 obdurefacit
1427 2888 1474 2930 et
1503 2885 1709 2943 lapidem
1739 2885 1885 2931 facit?
1934 2894 1940 2900 ’
