1980 3146
464 106 514 151 L.
547 105 756 151 ACCIVS
817 105 1138 152 POMPILIVS
1199 105 1397 151 IVLIVS
1665 105 1777 158 263

100 238 274 284 ibidem
295 238 470 296 legitur
492 254 536 295 p.
555 244 639 283 313
664 254 706 283 v.
733 242 952 284 struere
980 239 1054 297 (cf.
1081 239 1237 284 coroll.
1255 239 1417 296 LXIII)
1438 252 1561 282 nunc
1585 237 1773 282 comicis

103 298 288 350 reddere
327 297 484 341 malui.
549 297 699 351 Quam
737 298 849 342 olim
890 313 1080 343 numero
1118 299 1196 342 XL
1237 297 1421 354 signavi
1459 297 1616 355 glossa
1647 296 1772 355 (CGI.

103 356 140 400 V
163 362 248 400 234
274 356 343 413 G.)
375 356 542 400 Lucilii
574 359 646 401 est
677 357 751 414 (cf.
784 358 948 402 Loewe
979 358 1136 402 Pr0dr.
1162 357 1277 414 VH).

671 514 1190 584 POMPILIVS

100 653 216 707 Heu
258 655 362 723 qua
399 672 483 706 me
523 671 700 723 causa,
739 651 997 723 F6rtuna‚
1035 654 1227 707 infeste
1263 656 1498 724 premis?

214 755 360 798 Varro
400 755 457 798 de
496 755 526 798 1.
559 754 587 799 l.
621 754 706 798 VH
730 760 785 798 93
836 755 986 811 ‘apud
1032 754 1252 798 Plautum
1299 769 1451 800 euax.
1480 793 1488 800 .
1517 793 1524 800 .
1550 758 1602 799 ut
1649 755 1774 812 apud

99 814 298 858 Ennium
328 814 477 858 hehae
505 851 513 858 .
542 850 549 857 .
579 850 586 858 .
614 813 740 870 apud
770 813 973 857 Ennium
1004 814 1121 858 eheu
1148 850 1156 858 .
1185 851 1192 859 .
1222 851 1231 859 .
1258 815 1403 871 apud
1434 814 1776 871 Pompilium

100 874 228 918 heu’
263 887 301 917 e.
334 888 377 928 q.
411 887 444 917 s.
508 872 758 930 Tragicum
802 875 990 929 poetam
1037 887 1137 916 esse
1184 873 1359 917 evincit
1402 873 1687 930 epigramma
1725 872 1777 917 in

101 932 319 977 Varronis
351 934 509 975 satura
542 931 649 983 ὄνος
680 932 819 987 λύρας
850 931 1076 976 insertum
1108 932 1176 988 (fr.
1211 937 1297 976 356
1322 933 1390 989 B.)

361 990 505 1034 Pacui
537 990 792 1047 discipulus
825 991 973 1047 dicor,
1004 1005 1140 1048 porro
1172 991 1213 1034 is
1244 991 1336 1035 fuit
1366 992 1507 1047 Enni,

473 1049 640 1093 Enniu'
673 1051 930 1095 Musarum:
962 1050 1218 1107 Pompilius
1251 1051 1418 1095 clueor.

102 1109 355 1154 Satirarum
384 1111 574 1166 poetam
604 1108 748 1153 fuisse
778 1123 996 1166 perversa
1026 1109 1208 1154 ratione
1240 1110 1408 1154 statuit
1437 1111 1603 1154 Havet.

365 1266 435 1337 O.
474 1266 758 1338 IVLIVS
799 1266 1136 1336 CAESAR
1176 1266 1510 1337 STRABO

293 1390 365 1446 (cf.
398 1389 625 1434 Asconius
657 1389 707 1432 in
739 1389 970 1434 Ciceronis
1003 1390 1306 1435 Scaurianam
1334 1407 1378 1448 p.
1405 1396 1462 1435 24
1488 1390 1579 1447 Or.)

760 1500 1107 1549 ADRASTVS

104 1599 238 1652 Cum
278 1601 452 1669 capita
488 1600 651 1652 uiridi
688 1599 839 1652 lauro
878 1600 1054 1652 uelare
1093 1599 1358 1668 imperant

99 1687 397 1757 Prophetae
435 1689 626 1757 sancti,
666 1689 807 1741 caste
847 1688 939 1757 qui
977 1689 1174 1756 purant
1211 1706 1371 1740 sacra.

218 1789 381 1832 Festus
413 1805 455 1846 p.
483 1794 568 1832 229
593 1789 654 1834 M.
713 1789 1047 1845 ‘prophetas
1078 1788 1128 1831 in
1158 1789 1359 1832 Adrasto
1391 1788 1534 1832 Iulius
1566 1788 1779 1834 nominat

102 1847 338 1892 antistites
355 1848 569 1892 fanorum
586 1847 968 1904 oraculorumque
984 1847 1282 1904 interpretes:
1309 1863 1413 1891 cum
1429 1847 1606 1904 capita’
1623 1861 1660 1892 e.
1679 1862 1722 1903 q.
1741 1863 1775 1893 s.

220 1941 246 1979 2
287 1939 449 1980 sancta
493 1936 563 1981 ita
610 1939 738 1980 caste
784 1938 876 1981 cod.
925 1938 976 1980 in
1021 1938 1184 1994 quibus
1230 1936 1380 1980 sancti
1428 1938 1561 1981 latere
1603 1939 1780 1982 monuit

103 1996 420 2053 Kiesslinqius.
459 1997 619 2039 sancte
650 1998 782 2039 casta
811 1996 1038 2054 Berykius
1069 1998 1232 2039 sancta
1264 1997 1392 2039 caste
1423 1996 1583 2040 Delrio
1615 1997 1779 2039 sancta

102 2054 170 2098 ibi
209 2057 337 2098 caste
380 2055 428 2099 Ο.
463 2055 727 2100 Muellerus.
790 2056 869 2098 An
904 2056 1035 2098 casta
1066 2056 1224 2099 caste?
1345 2056 1508 2097 curant
1539 2055 1778 2112 Rev-fiius,

98 2115 288 2168 fortasse
319 2120 431 2158 recte

762 2180 1114 2227 TEVTHRAS

104 2277 429 2330 Flammeam
466 2296 562 2346 per
599 2278 838 2331 aethram
876 2248 988 2331 late
1020 2278 1281 2330 semidam
1319 2277 1452 2329 ferri
1484 2277 1654 2330 facem

224 2377 490 2421 Macrobius
514 2379 609 2422 Sat.
634 2379 698 2422 Ἦ
720 2385 762 2434 4,
782 2384 835 2422 19
863 2380 929 2422 ‘et
952 2379 1076 2434 quod
1102 2378 1241 2423 dixit:
1266 2391 1351 2421 nec
1374 2377 1556 2421 lucidus
1581 2378 1780 2423 aethra

108 2437 297 2481 Siderea
319 2436 468 2493 polus,
492 2436 667 2480 Ennius
691 2437 818 2494 prior
841 2437 1023 2481 dixerat
1042 2475 1050 2482 .
1072 2474 1079 2481 .
1101 2474 1108 2481 .
1130 2474 1138 2481 .
1157 2439 1204 2480 et
1223 2436 1368 2480 Iulius
1384 2436 1670 2481 Teuthrante
1689 2473 1698 2481 .
1718 2474 1727 2482 .
1748 2439 1776 2482 .'

104 2495 299 2553 (Iulius
332 2495 434 2540 edd.
459 2495 623 2538 illius
649 2496 816 2540 Salisb.
841 2496 980 2539 ilius
1005 2495 1148 2540 ceteri
1171 2495 1281 2538 libri
1340 2497 1634 2539 teutrante
1657 2496 1782 2554 Par.)

218 2584 315 2628 late
348 2584 597 2628 Scriverius
630 2582 723 2626 alte
756 2601 790 2627 ω
880 2597 964 2640 per
988 2584 1179 2627 aethera
1204 2583 1298 2627 alte
1323 2583 1593 2629 Scriverius:
1625 2586 1780 2630 saltem

103 2644 341 2687 aetheram
373 2640 622 2699 scripsisset

786 2707 1092 2755 TEOMESA

214 2807 415 2859 Marius
439 2806 749 2859 Victorinus
784 2804 933 2858 GGL.
965 2804 1042 2858 VI
1074 2806 1104 2857 8
1138 2805 1203 2858 K.
1243 2806 1418 2858 ‘iuxta
1457 2809 1635 2859 autem
1672 2826 1783 2861 non

102 2894 372 2963 ponebant
403 2912 517 2947 cm:
548 2895 670 2947 inde
700 2912 797 2947 nec
827 2893 1139 2946 Alcmenam
1171 2894 1417 2947 dicebant
1445 2911 1542 2947 nec
1570 2894 1784 2950 Tecme-
