1980 3146
808 106 860 160 Q.
891 79 1116 151 'ENers
1735 105 1806 157 59

128 246 359 298 (menea,
402 240 635 285 sedcorr.
675 242 730 284 ut
769 239 831 284 sit
868 253 1084 297 nemea,
1122 239 1185 283 W
1243 238 1439 283 Medea
1470 237 1714 296 Bentinus)
1748 238 1804 284 cf.

126 300 263 345 Pauli
300 300 465 344 Festus
495 315 540 357 p.
574 305 629 344 62
655 299 716 344 M.
782 298 1131 356 ‘consiptum
1169 298 1296 355 apud
1334 297 1537 352 Ε1111111111
1573 311 1658 354 pro
1699 311 1806 341 con-

123 362 310 417 septum
340 358 600 416 reperitur.’

247 462 462 520 consipta
501 464 686 509 Vossius
722 477 779 508 ex
814 463 965 508 Paulo
996 464 1221 519 concepta
1252 462 1318 507 W
1341 462 1564 518 consepta
1595 478 1631 518 φ

938 601 990 649 Π

226 689 230 693 ’
272 687 477 740 Pecuds
510 686 632 739 dare
669 686 798 738 uiua
835 684 1029 738 marito
1808 697 1894 739 255

243 802 508 847 Priscianus
538 818 582 859 p.
610 805 695 846 659
719 801 768 846 P.
827 802 929 846 ‘hic
961 804 1008 846 et
1039 802 1155 846 haec
1187 804 1235 846 et
1264 802 1353 846 hoc
1382 815 1568 859 pecus.
1628 801 1807 846 Ennius

123 862 175 906 in
200 862 412 906 'Nemea
436 899 446 907 .
472 898 482 906 .
510 898 520 906 .
551 862 715 906 Potest
752 863 912 905 tamen
949 861 1147 919 figurate
1185 862 1274 906 hoc
1313 875 1412 906 esse
1450 861 1707 918 prolatum,
1753 864 1808 905 ut

122 921 167 964 si
200 921 374 967 dicam:
408 920 606 977 aquila
635 920 876 965 maritus
909 920 987 965 uel
1016 934 1097 965 rex
1129 920 1320 965 auium.’

242 1023 411 1093 pecodi
442 1024 581 1083 Swny.
703 1023 816 1068 uiua
845 1042 874 1083 χ
910 1023 1025 1070 uiua
1058 1025 1198 1070 Rern.
1230 1026 1309 1070 alt.
1341 1039 1398 1070 m.
1431 1038 1545 1070 corr.
1578 1024 1740 1068 uiuam
1771 1042 1806 1081 φ

123 1083 228 1127 iura
258 1085 429 1129 conieci
455 1089 573 1150 tray.
605 1084 737 1129 Rom.
761 1098 812 1140 Ρ.
841 1088 923 1128 162
1015 1083 1212 1128 maritus
1243 1085 1350 1130 add.
1383 1084 1494 1142 Rey.
1526 1099 1583 1129 m.
1610 1088 1636 1128 2
1719 1097 1808 1140 pe-

121 1142 234 1186 cudi
266 1143 376 1187 dare
407 1142 580 1187 Viuam
609 1141 789 1187 marino
825 1143 1015 1189 Grotius

818 1326 1120 1375 PHOENIX

951 1430 978 1478 I

123 1513 338 1567 Stultus
369 1518 448 1567 est
480 1514 573 1584 qui
596 1514 774 1584 <n6n>
798 1514 1057 1584 cupienda
1088 1514 1305 1583 cupiens
1337 1513 1612 1583 cupienter
1642 1513 1805 1583 cupit.

241 1631 362 1675 Non.
381 1635 450 1687 91,
470 1634 496 1674 8
524 1630 869 1687 ‘cupienter,
894 1629 1196 1687 cupidissime
1214 1666 1224 1674 .
1244 1666 1254 1675 .
1273 1665 1284 1675 .
1300 1629 1478 1673 Ennius
1498 1629 1696 1675 Foenice
1715 1666 1724 1674 .
1743 1666 1752 1674 .
1773 1631 1802 1675 .’

245 1733 439 1777 stultust
478 1734 661 1778 Vossius
776 1746 871 1777 non
908 1734 1084 1778 oe'mserui
1111 1746 1198 1776 nec
1227 1733 1454 1791 Berykius
1573 1732 1805 1790 cupienda

120 1793 242 1837 idem
273 1792 443 1848 cupida
475 1809 510 1835 ω
543 1791 762 1849 cupidam
790 1793 1018 1837 Vahlenus
1047 1793 1204 1837 Herm.
1232 1797 1300 1849 12,
1325 1797 1411 1836 399
1448 1791 1618 1849 cupida
1647 1794 1803 1836 mente

120 1852 241 1896 idem
271 1853 367 1896 imi.
404 1852 581 1911 1888s9
604 1866 653 1908 Ρ.
681 1856 736 1895 16
766 1851 926 1908 cupita
958 1853 1065 1897 olim
1094 1853 1201 1897 dedi

933 1989 986 2039 H

123 2073 230 2128 Sed
267 2075 447 2127 uirum
484 2075 612 2127 uera
648 2074 850 2127 uirtute
886 2075 1070 2128 uiuere
1108 2075 1404 2128 animatum
1441 2075 1659 2128 addecet

123 2163 464 2232 Fortiterque
503 2162 782 2215 innoxium
821 2181 971 2216 orare
1010 2163 1293 2216 aduersum
1332 2164 1676 2216 aduersarios,
1747 2204 1750 2208 -

121 2251 221 2303 ‘Ea
258 2251 479 2304 libertas
519 2252 620 2320 est,
659 2251 752 2320 qui
789 2254 975 2320 pectus
1005 2255 1201 2321 purum
1232 2255 1285 2305 et
1314 2253 1530 2305 firmum
1561 2252 1802 2324 gestitat:

123 2339 292 2392 'Aliae
332 2358 416 2392 res
454 2339 777 2392 obnoxiosae
815 2340 972 2392 nocte
1010 2340 1068 2392 in
1106 2340 1331 2393 obscura¹
1369 2341 1551 2394 latent.
1803 2355 1891 2394 260

244 2455 423 2500 Gellius
455 2455 519 2499 VI
550 2455 670 2512 (VII)
705 2459 869 2511 17,10
907 2455 982 2512 (de
1023 2455 1366 2513 significatione
1396 2456 1638 2512 uocabufi,
1677 2456 1802 2512 quod

124 2517 197 2558 est
228 2514 573 2571 obnoxius)‘
583 2514 679 2558 iam
708 2527 819 2558 uero
850 2513 970 2557 illud
1001 2514 1146 2559 etiam
1171 2514 1222 2568 Q.
1246 2514 1403 2559 Enni.
1453 2516 1615 2571 ‚quod
1639 2515 1803 2559 scribit

123 2573 173 2616 in
204 2573 435 2618 Phoenice
466 2574 515 2617 in
545 2573 673 2618 hisce
703 2572 951 2617 uersibus.

246 2682 269 2720 1
302 2677 476 2721 uirtute
508 2690 620 2721 uera
649 2677 847 2722 Bothius
943 2682 969 2720 2
1003 2690 1134 2720 orare
1164 2677 1330 2732 scripsi
1357 2677 1508 2722 coroll.
1539 2675 1690 2720 XXXI
1719 2690 1802 2720 ua.-

124 2749 231 2780 care
270 2737 380 2794 Rey.
423 2749 591 2779 uocare
630 2753 665 2792 φ
707 2738 830 2780 stare
867 2736 1105 2780 Bentleius
1140 2734 1292 2778 facere
1332 2736 1435 2780 Bue
1552 2734 1803 2779 innocuum

124 2808 287 2839 uerare
324 2797 552 2840 Vahlenus
589 2796 745 2840 Herm.
780 2800 856 2851 12,
884 2799 971 2838 254
1091 2794 1315 2838 aduersus
1353 2812 1380 2852 χ
1418 2794 1481 2838 ad
1518 2794 1714 2840 Bothius

126 2857 153 2895 3
187 2867 242 2898 ea
272 2853 503 2910 libertast,
537 2853 577 2897 si
608 2853 689 2910 qui
719 2854 982 2909 Acidalius,
1020 2855 1099 2899 sed
1127 2856 1185 2910 cf.
1217 2854 1368 2898 cowll.
1402 2852 1551 2897 XXXI
1660 2858 1689 2896 4
1721 2853 1803 2898 ob-

126 2912 346 2957 noxiosae
379 2914 623 2958 Acidalius
653 2912 853 2957 obnoxio
886 2926 934 2957 se
965 2915 1033 2958 vel
1061 2914 1159 2958 sim.
1191 2922 1229 2970 ψ
1262 2911 1490 2956 obnoxiae
1520 2930 1547 2970 χ
