1980 3146
215 92 320 144 154
849 91 911 136 M.
943 90 1210 136 P-AOVVIV
1213 91 1242 136 S

968 230 1129 277 XLVI

1003 310 1246 359 murmur
1283 307 1444 360 maris

329 401 513 446 Servius
553 401 669 446 Dan.
710 401 761 445 in
790 401 903 446 Aen.
936 401 958 444 Ι
981 406 1037 445 55
1080 398 1174 444 ‘sic'
1212 399 1332 444 dixit
1369 401 1600 444 Pacuuius
1641 416 1886 445 murmur

208 461 397 518 maris,
431 459 544 516 quia
574 463 739 504 uentos
771 475 977 504 murmur
1008 459 1248 516 sequitur)

951 546 1138 618 XLVII

827 647 954 700 lu'nc
992 647 1271 700 saeuitiam
1312 647 1548 700 Salaciae

207 722 477 793 Fugimus
1311 780 1313 783 .

325 816 490 860 Festus
521 831 565 873 p.
597 820 683 859 326
707 816 768 860 M.
819 815 1121 874 ‘[Salacia
1153 841 1208 848 —
1241 842 1295 847 —-
1329 815 1405 873 —]
1444 814 1727 858 Pacuuius
1755 851 1881 860 .....

211 911 338 920 .....
365 889 448 918 am
490 874 754 920 Salaciae
781 874 1395 920 ..........uescimur
1424 901 1484 906 —
1514 901 1569 906 —
1602 875 1684 907 —-’
1749 874 1886 918 Pauli

207 935 371 978 Festus
402 949 445 991 p
476 939 561 978 327
586 934 646 978 M.
713 933 1026 978 Salaciam
1072 933 1294 977 dicebant
1339 934 1477 977 deam
1523 946 1696 990 aquae,
1744 947 1886 989 quam

206 993 441 1060 putabant
480 993 632 1037 salum
670 992 810 1050 ciere,
850 993 939 1037 hoc
978 994 1050 1036 est
1087 1006 1214 1036 mare
1245 1006 1466 1037 mouere.
1546 991 1884 1037 ,Pacuuius:

207 1051 338 1096 hinc
370 1052 678 1096 saeuitiam
710 1052 975 1097 Salaciae
1005 1052 1267 1109 fugimus.
1275 1052 1288 1073 ’
1336 1051 1462 1138 Num
1492 1065 1612 1108 quae
1642 1054 1885 1132 praeterea

207 1112 473 1156 Pacuviana
503 1111 553 1155 in
583 1112 721 1156 Festo
752 1112 947 1168 lateant,
979 1110 1210 1155 incertum
1242 1113 1325 1156 est.

327 1199 349 1237 1
385 1193 617 1238 Salaciae.
649 1195 706 1248 cf.
740 1194 890 1238 eoroll.
923 1193 1052 1236 XVII

855 1353 858 1355 c
942 1303 1155 1351 XLVIII

118 1394 204 1432 420
224 1422 441 1432 .....
481 1378 618 1449 h‘qui
657 1380 714 1432 in
751 1378 966 1451 Aegaeo
1005 1381 1147 1432 fretu

323 1473 471 1517 Varro
504 1473 562 1517 de
593 1473 622 1518 l.
656 1473 686 1518 l.
719 1473 805 1517 VH
829 1478 883 1517 22
909 1474 970 1518 M.
1037 1473 1207 1518 ‘Pacui
1237 1472 1409 1529 liqui’
1445 1487 1481 1518 e.
1517 1487 1559 1529 q.
1594 1488 1627 1517 S.
1687 1473 1883 1516 ‘dictum
1958 1520 1962 1523 ,

205 1532 409 1576 fretum
450 1532 509 1576 ab
550 1531 858 1577 similitudine
897 1532 1122 1577 feruentis
1156 1546 1307 1588 aquae
1334 1569 1343 1578 .
1363 1569 1371 1577 .
1392 1568 1402 1578 .
1427 1533 1672 1589 Aegeum
1704 1531 1883 1576 dictum

206 1591 266 1635 ab
297 1591 489 1635 insulis'
526 1605 564 1636 e.
598 1607 640 1648 q.
674 1607 708 1637 s,

322 1673 445 1717 fretu
475 1674 534 1718 A.
567 1673 831 1731 Spenyelius
860 1673 1032 1717 fretum
1065 1673 1194 1719 Flor.
1227 1673 1347 1717 freto
1380 1674 1552 1719 Laetus

963 1784 1122 1832 XLIX

205 1901 217 1912 .
257 1903 267 1913 .
298 1888 319 1913 -.
361 1902 371 1912 .
412 1903 422 1912 .
463 1860 563 1930 qus
595 1860 816 1930 stirpem
857 1861 1052 1914 occidit
1089 1865 1267 1914 meum

322 1953 557 1998 Charisius
596 1970 639 2011 p.
673 1959 728 1998 85
761 1955 809 2000 P.
875 1954 1077 2011 ‘stirps
1198 1955 1415 1998 dixerunt
1453 1956 1611 1998 tamen
1651 1953 1794 1998 etiam
1832 1954 1883 1996 in

205 2012 546 2070 significatione
579 2013 753 2058 sobolis
783 2013 1043 2058 masculino
1076 2028 1257 2071 genere,
1291 2016 1342 2057 ut
1372 2012 1604 2057 Pacuuius
1631 2014 1718 2057 ...’
1768 2012 1883 2056 item

203 2072 332 2115 Beda
365 2072 422 2116 de
447 2072 649 2129 orthogr.
675 2073 762 2117 VII
787 2078 869 2117 291
895 2073 949 2118 Κ.
998 2073 1264 2117 Telamonis
1296 2072 1346 2116 in
1369 2072 1545 2116 Teucro
1570 2072 1713 2115 verba
1737 2071 1882 2115 fuisse

203 2130 432 2176 videntur.

1021 2198 1061 2245 L

204 2280 513 2334 Flexam'ma
551 2285 826 2351 tamquam
864 2282 1142 2351 lymphata
1182 2285 1274 2334 aut
1312 2280 1514 2334 Bacchl'
1548 2281 1711 2333 sacris

207 2368 505 2439 Commota,
545 2370 602 2422 in
640 2371 861 2422 tumulis
900 2371 1163 2423 Teucrum
1201 2371 1620 2423 commemorans
1659 2389 1813 2421 suum

323 2462 480 2506 Cicero
521 2463 578 2507 de
618 2463 710 2509 div.
742 2464 764 2507 Ι
787 2469 865 2519 36,
892 2469 948 2508 80
991 2464 1071 2507 ‘fit
1097 2501 1104 2507 .
1126 2501 1134 2508 .
1156 2501 1164 2509 .
1189 2465 1243 2506 ut
1280 2463 1517 2520 pellantur
1555 2462 1699 2506 animi
1741 2463 1879 2505 uehe-

204 2521 418 2578 mentius,
445 2536 583 2578 saepe
608 2522 753 2566 etiam
777 2537 886 2566 cura
904 2526 951 2567 et
966 2522 1146 2579 timore,
1172 2522 1326 2578 qualis
1344 2524 1415 2565 est
1429 2521 1514 2565 illa
1538 2521 1851 2564 flexanima
1865 2522 1876 2541 ’

207 2595 243 2623 e.
269 2595 311 2635 q.
340 2595 373 2624 s.
435 2581 582 2625 Varro
616 2582 673 2625 de
704 2582 734 2626 l.
768 2582 797 2626 l
830 2582 995 2625 V1187
1019 2582 1080 2625 M.
1117 2582 1260 2638 ‘apud
1290 2580 1535 2624 Pacuium:
1568 2579 1879 2623 flexanima

205 2641 491 2694 tamquam
537 2640 894 2698 [lymphata]:
942 2641 1186 2706 lymphata
1233 2639 1360 2683 dicta
1406 2654 1434 2682 a
1481 2638 1702 2694 lympha?
1775 2638 1882 2681 Non

206 2697 399 2740 dubium
430 2698 543 2754 quin
575 2699 631 2743 de
662 2699 868 2743 Hesiona
898 2700 1014 2743 haec
1045 2699 1095 2742 in
1126 2699 1301 2742 Teucro
1332 2699 1521 2742 narrata
1552 2695 1737 2739 fuerint.

325 2784 347 2821 1
383 2782 465 2822 aut
495 2795 617 2824 unus
647 2782 740 2824 cod.
774 2781 960 2836 Mosen}
993 2781 1202 2824 Auo-atus
1232 2781 1286 2822 ut
1315 2795 1350 2834 φ
1456 2776 1622 2820 bacchi
1656 2777 1881 2822 Ciceoonis

207 2837 454 2881 Palatinus
483 2853 604 2882 unus
635 2845 739 2883 teste
767 2839 960 2883 Grutero
991 2839 1170 2882 baccha
1201 2838 1463 2895 (posteriore
1494 2850 1522 2878 3,
1554 2837 1606 2879 in
1629 2851 1716 2880 ras.
1749 2838 1877 2881 Lezd.

206 2895 335 2950 Β)φ
