1980 3146
740 132 802 176 M.
834 130 1134 175 PACVVIVS
1671 127 1775 180 133

856 270 1020 318 XXIV

97 355 287 426 Neque
331 359 488 409 ‘tuum
534 359 587 408 te
633 356 908 426 ingenium
954 355 1218 424 m6derat‚
1264 371 1435 423 neque
1481 352 1777 405 fraternum

1159 443 1240 494 ira
1279 441 1499 494 exilium
1536 441 1695 493 leuat.

214 546 334 590 Non.
368 550 478 601 336,
504 551 559 589 26
594 544 813 604 ‘jleuare
843 558 1025 588 rursum
1054 543 1297 587 releuare.
1347 543 1404 587 ..’
1466 542 1596 586 Idem
1625 547 1727 598 471,
1753 547 1777 586 7

101 605 423 649 ‘moderant
451 618 536 709 pro
566 590 898 648 medei-antur)
961 603 1091 647 Idem
1121 607 1229 658 472,
1255 606 1311 645 20
1346 602 1666 645 ‘moderant
1695 614 1778 658 pro

99 664 434 708 moderantur.

217 755 330 796 tune
359 755 408 796 te
432 770 467 796 ω
492 766 541 808 p.
567 755 652 794 336
742 750 988 794 moderant
1010 767 1045 794 ω
1071 764 1119 806 p.
1147 755 1247 807 336,
1271 750 1349 794 Ba
1365 765 1414 806 p.
1439 755 1523 793 471
1616 749 1780 794 frater-

98 826 192 855 non
223 830 257 856 ω
291 826 339 868 p.
364 816 449 855 471
570 809 668 854 irae
698 810 742 854 L
767 825 815 867 p.
841 814 927 853 336
965 815 1018 854 ut
1048 809 1212 854 Plauti
1241 810 1364 854 Rud.
1392 814 1476 852 247
1515 808 1635 853 iram
1671 810 1778 867 Qui-

99 872 251 916 che‘rat
340 872 474 914 uetat
505 887 539 913 ω
565 884 614 926 p.
639 874 724 913 471

874 934 1014 982 XXV

97 1019 160 1072 'O
201 1020 533 1072 multimodis
562 1019 789 1090 uarium,
829 1022 882 1072 et
913 1018 1135 1071 dubium
1167 1022 1221 1071 et
1250 1020 1565 1088 pr6sperum
1596 1021 1781 1088 copem

1162 1108 1323 1160 diem!

217 1208 336 1253 Non.
371 1213 450 1265 84,
477 1214 532 1253 23
569 1209 723 1266 ‘copi
751 1223 836 1266 pro
869 1208 1057 1266 copioso
1085 1209 1173 1253 ...⁹

219 1297 404 1341 uarium
433 1299 598 1355 scripsi
628 1297 790 1342 uariae
822 1298 926 1342 HL
956 1297 1087 1342 uarie
1119 1315 1177 1355 φε
1209 1312 1274 1342 an
1302 1303 1447 1343 recte?

860 1423 1025 1471 XXVI

101 1505 288 1578 Flexa,
325 1526 434 1560 ιιοιι
472 1508 607 1560 falsa
646 1510 922 1560 autumare
962 1506 1125 1560 dictio
1164 1507 1338 1560 Delfis
1377 1508 1526 1560 solet.

219 1607 339 1652 Non.
374 1613 475 1665 237,
502 1614 528 1652 2
564 1609 884 1652 ‘autumare
916 1611 988 1652 est
1019 1607 1206 1653 dicere?

219 1697 360 1754 plexa
397 1699 512 1741 conl.
546 1697 675 1742 Festi
696 1713 746 1754 p.
773 1702 859 1741 230
882 1697 944 1741 Μ.
984 1699 1131 1764 9ῐοεεα
1162 1698 1388 1756 Berykius
1418 1699 1510 1755 (sed
1541 1699 1596 1753 cf.
1632 1698 1784 1743 Cicero

102 1758 155 1800 de
186 1758 275 1800 div.
307 1757 372 1800 II
389 1761 459 1812 56,
485 1761 570 1799 115
605 1756 867 1800 ‘oraculis
887 1755 1124 1813 ..partim
1154 1756 1322 1802 falsis.
1372 1757 1578 1814 ,partim
1605 1756 1783 1800 flexilo-

104 1814 208 1870 quis
241 1818 289 1858 et
320 1814 560 1860 obscuris)
565 1817 582 1873 )
615 1870 622 1878 ι

846 1881 1036 1928 XXVII

253 2006 264 2017 .
298 2009 307 2017 .
348 1983 568 2034 scrupea
605 1967 762 2017 saxea
800 1965 997 2018 Bacchi
1779 1984 1868 2024 310
1931 2032 1933 2035 ⁴

251 2054 473 2124 Temple
508 2054 1024 2125 propeadgreditur

222 2155 369 2199 Varro
402 2156 460 2199 de
490 2154 520 2199 1.
552 2155 582 2199 1.
615 2155 702 2199 VH
725 2159 751 2198 6
774 2155 836 2199 M.
902 2154 976 2198 ‘in
1019 2155 1148 2199 caelo
1188 2156 1459 2212 templum
1499 2154 1690 2212 dieitur,
1729 2158 1784 2200 ut

104 2213 155 2256 in
187 2214 381 2258 Hecuba
405 2250 415 2258 .
435 2250 445 2259 .
466 2250 474 2257 .
499 2213 550 2257 in
580 2216 719 2269 terra,
751 2215 805 2256 ut
834 2213 884 2256 in
914 2213 1143 2258 Periboea
1165 2249 1177 2260 .
1196 2251 1205 2259 .
1227 2216 1255 2258 .’
1856 2235 1859 2238 Δ

225 2307 248 2345 1
268 2316 329 2359 sq.
346 2316 553 2346 numeros
568 2302 795 2359 Berykius
810 2303 1055 2359 dactylicos
1070 2304 1334 2348 metiebatwr
1422 2316 1563 2347 saxea
1571 2305 1785 2360 probavit

102 2397 204 2448 post
227 2391 575 2435 Lachmanmom
599 2390 827 2447 Berykius
862 2373 975 2433 saxga
1000 2390 1051 2433 F
1076 2404 1189 2434 saxa
1220 2408 1255 2447 φ
1376 2395 1401 2433 2
1435 2391 1704 2448 aggreditur
1736 2393 1788 2437 F

105 2451 186 2494 An
217 2449 516 2506 adgreditor?
548 2450 654 2493 olim
685 2447 927 2504 adgredite
959 2451 1129 2494 conieci

833 2573 1048 2620 XXVIII
1139 2602 1151 2613 .

431 2699 441 2709 .
518 2658 800 2709 tiasantem
839 2656 1057 2708 fremitu

257 2744 475 2798 ConGIte
513 2746 732 2798 melum!

225 2845 344 2892 Non.
370 2851 470 2902 213,
497 2851 551 2889 13
587 2846 785 2890 ‘melos
812 2844 1162 2889 ...masculino
1189 2881 1198 2890 .
1218 2882 1227 2890 .
1247 2846 1275 2889 .’

228 2940 250 2976 1
284 2933 565 2978 thesiantem
596 2952 645 2991 ω,
677 2935 709 2977 1ι
740 2935 791 2978 in
823 2934 887 2979 W
909 2948 1134 2990 suprascr.
1168 2935 1242 2991 (cf.
1275 2930 1423 2980 σονὸῑῐ.
1456 2934 1616 2993 XLVI)
1647 2936 1783 2993 thya-
