2020 3140
133 2405 189 2444 90

231 100 339 153 286
520 100 602 144 Ex
631 65 908 171 menimis
938 99 1338 146 INCERTORVM
1367 69 1620 147 FABVLIS

294 220 298 224 ⁴
351 233 507 278 Cicero
540 233 674 277 Tusc.
708 233 824 289 disp.
857 233 921 275 ΙΙΙ
949 237 1023 289 13,
1050 237 1106 276 28
1141 232 1377 276 ‘uidentur
1408 234 1532 277 enim
1563 233 1720 278 omnia
1749 230 1910 291 repen·
1973 230 1976 233 ’
2015 224 2020 260 ¹¹

230 292 333 336 tina
364 292 594 349 grauiora.
642 304 698 334 ex
728 291 817 343 hoc
848 294 896 335 et
918 291 1004 335 illa
1026 291 1126 335 iure
1148 291 1421 338 laudantur:
1454 306 1554 350 ego
1586 294 1728 336 cum’
1757 307 1794 338 e.
1812 308 1855 351 q.
1873 308 1908 338 s.

230 352 412 396 Ibidem
440 357 509 407 24,
535 356 591 395 58
626 351 786 406 ‘atque
817 350 906 394 hoc
937 351 1142 394 idem'et
1172 350 1399 395 Telamo
1429 351 1512 395 ille
1543 352 1772 397 declarat:
1806 366 1907 409 ego

226 426 345 454 cum
382 409 564 467 genui
572 410 584 431 ’
648 408 868 466 (Reliqua
904 409 1042 453 huius
1080 423 1240 453 versus
1260 418 1334 454 ⁴m.
1366 423 1456 455 rec.
1489 410 1656 455 addita
1686 411 1737 454 in
1769 411 1904 468 Regq

225 472 376 513 totum
414 483 598 512 versum
628 467 851 512 exhibent
880 468 1028 512 Marb.
1062 468 1223 514 Duisb.
1259 468 1403 513 Oxon.
1436 472 1573 526 unus)
1628 470 1804 514 Seneca
1845 447 1906 514 ad

225 528 395 588 Polyb.
419 528 476 572 de
509 542 633 573 cons.
660 532 736 583 11,
762 532 818 571 30
861 528 1063 583 ‘quanto
1101 527 1183 571 ille
1222 527 1409 584 iustior,
1451 528 1531 584 qui
1569 529 1789 615 nuntiata
1819 529 1906 572 filii

224 590 371 631 morte
427 587 618 644 dignam
662 601 845 644 magno
881 586 983 630 uiro
1030 601 1193 631 uocem
1239 587 1416 634 emisit:
1471 602 1606 645 ego.
1709 587 1903 633 .sciui.

223 660 410 703 prorsus
441 661 534 693 non
564 645 744 689 mireris
777 660 832 689 ex
862 646 951 690 hoc
980 649 1145 690 natum
1171 660 1272 690 esse
1297 646 1378 702 qui
1400 646 1586 691 fortiter
1607 624 1726 691 mori
1748 650 1909 704 posset

286 719 457 762 ,ego
509 704 694 749 ,sciui
759 704 927 771 deinde
967 705 1141 749 adiecit
1177 719 1275 749 rem
1311 705 1501 750 maioris
1541 708 1589 750 et
1626 706 1904 763 prudentiae

224 742 271 808 et
317 764 481 810 animi:
533 767 588 808 et
632 763 764 807 huic
809 763 892 808 rei
939 764 1184 809 sustuli?
1248 765 1421 809 Fronto
1470 766 1527 809 de
1573 765 1700 810 bello
1746 766 1904 811 Parth.

222 839 266 880 p.
293 829 377 867 217
401 824 521 868 Nab.
557 825 636 867 ‘an
668 825 910 867 cunctetur
942 824 999 867 de
1030 823 1260 890 militibus
1291 824 1463 875 nostris
1496 825 1621 868 Mars
1652 827 1789 881 pater
1818 824 1915 869 illa

224 882 407 928 dicere?
454 884 520 949 [1]
590 883 896 926 Praeterea
950 897 1070 926 cum
1114 882 1165 926 in
1209 885 1461 927 terrarum’
1510 885 1735 940 (‘’terrae
1785 884 1904 951 cod.)

227 942 404 986 ‘orbem
441 941 569 985 misi
609 942 675 986 ob
715 939 1133 986 defendendum
1170 941 1436 999 imperium,
1478 942 1695 987 scibam
1733 957 1815 987 me
1845 943 1904 987 1ιι

222 993 521 1045 mortifera
557 1001 739 1045 bella’
775 1015 811 1044 e.
846 1016 888 1057 q.
923 1016 956 1046 s,
1023 1002 1163 1045 ‘haec
1202 1002 1348 1046 uerba
1385 1002 1613 1046 Telamo
1654 1002 1902 1046 Troiano

222 1060 376 1105 bello
417 1061 473 1104 de
514 1061 608 1104 suis
646 1060 808 1104 liberis
841 1060 983 1104 semel
1015 1060 1225 1104 elocutus
1257 1062 1362 1105 est.'
1423 1061 1734 1118 Hieronymus
1767 1061 1902 1118 epist.

223 1120 284 1163 ad
322 1119 555 1163 Heliodor
586 1120 651 1163 III
690 1119 797 1163 ‘ubi
835 1119 955 1162 illud
995 1120 1054 1163 ab
1093 1119 1297 1164 infantia
1335 1120 1543 1164 studium
1580 1120 1826 1164 literarum
1856 1123 1905 1165 et

1955 0 2020 114 ’1

1978 125 1983 131 ο
2015 119 2020 131 Ι

2014 195 2020 202 ›-

2011 268 2020 293 4

2015 305 2020 321 ι

2007 442 2020 560 1

2011 581 2020 671 1

2012 744 2020 774 1

221 1180 528 1236 Anaxagorae
566 1193 621 1223 ac
653 1179 689 1222 Τ
701 1179 789 1222 ela
798 1194 845 1222 m
855 1179 945 1222 oni
956 1194 976 1222 s
1017 1193 1196 1236 semper
1232 1179 1430 1223 laudata
1460 1179 1715 1225 sententia:
1757 1195 1777 1223 s
1789 1195 1813 1224 c
1822 1179 1839 1223 i
1849 1194 1902 1223 e·
1953 1190 1957 1192 ·
1999 1175 2017 1223 ,ζ

222 1238 344 1281 bam
367 1252 448 1282 me
471 1237 738 1295 genuisse
760 1238 1111 1283 mortalem?’
1147 1238 1221 1295 (cf.
1249 1238 1341 1283 Cic.
1367 1239 1500 1284 Tusc.
1520 1238 1638 1301 disp.
1657 1240 1722 1283 III
1741 1245 1810 1295 14,
1828 1241 1903 1296 30)

222 1297 361 1340 Ennii
391 1297 634 1341 Telamoni
664 1296 927 1342 vindicavit
956 1298 1265 1342 Hermannus.

344 1393 361 1428 1
398 1385 672 1430 moriturum
695 1385 876 1442 Seneca,
902 1386 1130 1431 Ciceronis
1151 1404 1180 1444 χ>
1268 1385 1378 1429 huic
1403 1386 1571 1431 Seneca
1595 1386 1639 1430 ei
1666 1386 1818 1431 Cicero

224 1450 248 1488 2
280 1445 410 1488 missi
437 1445 686 1490 Frontonis
715 1448 808 1490 cod.
902 1451 927 1488 3
961 1444 1138 1488 scibam
1172 1445 1347 1506 Fronto
1379 1445 1585 1489 sciebam
1619 1446 1847 1490 Ciceronis
1871 1463 1906 1490 ω

985 1555 1146 1603 XLVI

222 1682 232 1692 .
264 1639 405 1692 inter
434 1659 488 1692 se
519 1641 752 1709 strepere
785 1643 1070 1708 aperteque
1098 1641 1267 1692 artem
1293 1640 1536 1693 obterere
1565 1640 1907 1710 extispicum:

223 1726 440 1780 soluere
478 1729 706 1797 imperat
743 1729 972 1781 secundo
1011 1732 1225 1781 rumore
1265 1729 1592 1797 aduersaque
1632 1730 1735 1782 aui.

340 1828 498 1873 Cicero
531 1830 588 1873 de
620 1829 711 1873 div.
743 1830 764 1874 I
791 1835 867 1884 16,
894 1835 947 1873 29
990 1830 1069 1872 ‘ut
1107 1829 1155 1874 P.
1190 1829 1412 1895 Claudius
1443 1820 1566 1886 Appi
1599 1829 1737 1874 Caeci
1777 1829 1901 1873 filius

222 1888 412 1945 eiusque
451 1887 633 1945 collega
670 1889 719 1932 L.
759 1888 918 1931 Iunius
958 1888 1129 1932 classes
1168 1887 1394 1932 maximas
1429 1888 1754 1945 perdiderunt,
1796 1904 1902 1932 cum

221 1947 339 1991 uitio
377 1947 693 2004 nauigassent.
754 1948 880 2003 quod
919 1947 1082 1991 eodem
1111 1947 1249 1991 modo
1282 1947 1440 1991 euenit
1470 1926 1898 2004 Agamemnoni.

222 2006 336 2062 qui,
377 2021 509 2050 cum
533 2004 740 2050 Achiui
781 2006 1106 2073 coepissent
1143 2006 1295 2050 inter
1331 2008 1411 2050 se’
1447 2021 1483 2050 e.
1519 2022 1562 2062 q
1597 2023 1629 2051 s.
1694 2007 1763 2050 Ex
1794 2021 1898 2050 nar-

196 2065 401 2110 -ratione
452 2065 689 2123 naufragii
741 2079 861 2121 esse,
917 2079 1035 2122 quae
1081 2066 1130 2108 in
1176 2066 1369 2110 Pacuvii
1414 2060 1591 2110 Teucro
1639 2066 1899 2123 legebatur,

221 2125 391 2169 statuit
421 2124 664 2182 Bergkius.

340 2210 362 2249 1
395 2205 519 2249 inter
548 2219 647 2250 sese
678 2207 903 2251 Davisius
932 2204 1005 2248 illi
1035 2205 1158 2249 inter
1189 2219 1236 2248 se
1271 2206 1552 2263 Sticqlitzius

969 2315 1155 2366 XLVII

221 2397 343 2452 Nisi
383 2400 434 2451 ss
468 2418 572 2468 qua
609 2399 794 2452 Vlixes
832 2399 994 2452 lintre
1034 2399 1205 2451 euasit
1243 2398 1458 2450 Lartius

338 2491 653 2544 Quintilianus
684 2493 748 2536 VI
779 2497 826 2548 3,
861 2498 916 2536 96
973 2492 1228 2535 ‘adiuuant
1282 2491 1600 2535 urbanitatem
1647 2493 1693 2534 et
1738 2503 1898 2532 uersus

217 2551 455 2594 commode
493 2551 636 2607 positi
675 2565 755 2594 seu
793 2551 884 2595 toti
922 2554 975 2594 ut
1015 2553 1156 2594 sunt.
1207 2551 1365 2606 quod
1405 2551 1457 2594 fit
1487 2550 1688 2606 gratius,
1730 2548 1769 2590 si
1801 2563 1893 2603 qua

216 2608 358 2652 etiam
412 2610 720 2667 ambiguitate
774 2610 1008 2665 conditur,
1063 2612 1115 2652 ut
1162 2587 1318 2652 Cicero
1373 2609 1430 2651 in
1475 2608 1755 2652 Lartium'
1807 2607 1894 2661 (ita

215 2667 499 2714 Bonnellius
555 2671 606 2713 in
652 2668 868 2713 lertium
913 2646 1122 2712 Ambros.
1170 2668 1226 2710 in
1274 2655 1481 2711 artium
1526 2667 1686 2709 Bamb.
1736 2666 1885 2721 suppl

216 2727 477 2770 martium
507 2728 686 2771 Monac.
719 2730 960 2784 Argentor.
1003 2727 1059 2770 in
1090 2726 1360 2770 Marcium
1398 2727 1499 2769 edd.
1531 2724 1726 2780 priores)
1780 2725 1886 2767 ho-

215 2785 387 2828 minem
410 2785 631 2829 callidum
655 2790 702 2830 et
724 2789 975 2841 uersutum,
1001 2801 1104 2829 cum
1127 2786 1166 2828 is
1191 2786 1242 2828 1ιι
1263 2785 1466 2840 quadam
1485 2795 1627 2826 causa
1643 2786 1884 2838 suspectus
1927 2816 1930 2818 .

217 2847 357 2888 esset:
390 2844 526 2887 nisi’
562 2859 599 2888 e.
626 2860 668 2900 q
695 2860 728 2889 s.
778 2845 841 2889 Cf.
870 2845 1026 2889 Cicero
1051 2845 1177 2888 Brut.
1204 2849 1279 2909 6Q,
1301 2848 1383 2886 216
1418 2841 1608 2894 Quintil.
1635 2841 1697 2884 XI
1723 2847 1884 2897 3,129.

215 2901 416 2957 Possunt
445 2904 561 2946 haec
591 2917 773 2984 quoque
801 2903 853 2946 in
885 2904 1060 2946 Teucro
1091 2902 1282 2947 Pacuvii
1312 2901 1486 2943 inserta
1517 2899 1671 2944 fuisse
