1980 3146
183 104 253 157 48
869 99 920 153 Q.
952 97 1178 143 ENNIVS

186 237 394 280 seruant:
425 234 550 278 Iouis
575 233 819 278 Natalem-2
869 236 895 275 2
927 243 1112 275 momen
1143 230 1233 275 Ad
1259 231 1566 289 Kiesslinqius
1597 231 1859 276 dubitanter

185 296 342 339 lumen
365 294 661 338 Heinrichius
741 290 909 335 beluae
933 290 1230 335 Heinrichius
1319 294 1346 333 3
1366 303 1521 334 noenu
1544 290 1860 335 fleckeisemos

184 367 320 398 nemo
354 353 506 397 Cicero
537 352 610 407 (cf.
642 351 792 396 coroll.
825 349 1035 406 XXVIH)
1062 362 1160 393 non
1189 349 1404 394 Donatus
1494 351 1675 405 spectat
1708 349 1859 394 Cicero

186 412 318 456 uidet
347 412 562 456 Donatus
666 409 792 465 quod
819 422 903 466 pro
933 407 1155 465 pedibust
1184 422 1240 452 em
1271 407 1486 453 Mmucio
1513 423 1548 453 x
1646 407 1697 451 in
1728 407 1857 452 caelo

186 471 300 528 quid
322 470 374 514 fit
398 467 738 513 obseruationis
756 468 946 513 Cum—
959 480 1129 512 nomen
1153 466 1346 522 aliquod
1361 465 1625 512 beluarum:
1652 466 1785 520 Quod
1804 493 1857 499 -

185 544 319 574 nemo
353 544 441 586 sp.‚
474 542 512 572 0.
546 529 811 572 scrutantur
840 526 903 584 pl.
938 527 1166 572 Vahlenus
1195 527 1291 571 ind.
1326 530 1440 571 1878
1465 540 1514 583 p
1541 533 1567 571 5
1583 540 1673 583 sqq.

990 712 1061 766 IX

883 816 1165 888 Iphigenia

185 905 542 959 Acherontem
582 905 767 976 obibo,
805 906 900 958 ubi
938 906 1128 958 mortis
1171 905 1407 958 thesauri
1447 904 1707 957 obiacent.

305 1021 468 1065 Festus
498 1037 543 1079 p.
577 1026 660 1066 201
694 1022 755 1066 M.
820 1021 913 1066 ‘ob
959 1020 1307 1078 praepositione
1354 1020 1572 1077 antiquos
1614 1035 1722 1065 usos
1763 1034 1863 1065 esse

188 1095 272 1137 pro
303 1081 371 1124 ad
400 1080 535 1125 testis
568 1083 640 1125 est
670 1081 847 1125 Ennius
880 1107 936 1114 —
971 1107 1025 1114 —
1058 1083 1106 1124 et
1136 1080 1186 1124 in
1216 1079 1461 1138 Iphigenia
1488 1117 1496 1124 .
1526 1117 1533 1124 .
1562 1080 1590 1124 .’
1642 1080 1698 1125 of.
1730 1080 1864 1124 Euri-

190 1139 313 1196 pidis
345 1155 388 1184 v.
423 1145 556 1184 1375:
588 1144 849 1185 κατθανεῖν
880 1138 965 1198 μέν
995 1156 1074 1198 μοι
1105 1138 1322 1184 δέδοκται
1352 1156 1394 1184 κ.
1418 1155 1456 1184 τ.
1481 1142 1518 1183 λ.

308 1243 448 1288 obibo
479 1241 657 1289 Aldina
689 1243 831 1288 adibo
863 1245 958 1290 cod.
1063 1243 1282 1287 obiacent
1311 1243 1491 1288 Aldina
1521 1242 1740 1288 adiacent
1771 1245 1866 1289 cod.

1006 1421 1051 1467 X

341 1519 522 1573 Cicero
577 1519 729 1572 Tuso.
785 1519 915 1588 disp.
955 1518 983 1572 I
1023 1519 1118 1590 48,
1153 1519 1257 1573 116
1313 1518 1620 1590 ‘Iphigenia
1673 1518 1867 1572 Aulide

193 1609 334 1661 duci
358 1627 420 1662 se
443 1608 889 1662 immolandam
913 1607 1078 1684 iube-t,
1101 1611 1162 1660 ut
1184 1606 1491 1661 hostium'
1516 1605 1609 1679 (se.
1628 1606 1867 1680 sanguis)

194 1697 520 1750 ‘eliciatur
557 1697 703 1750 suo?

107 1809 192 1848 204
309 1798 444 1842 Vnde
473 1797 701 1854 Bergkius
735 1796 968 1841 senarium

456 1901 521 1946 Vt
550 1899 757 1944 hostium
787 1899 1002 1944 eliciatur
1034 1899 1223 1957 sanguis
1257 1899 1482 1957 sanguine

195 2002 369 2059 effecit,
409 2017 547 2059 quem
586 2018 690 2047 eum
726 2003 781 2048 fr.
813 2003 877 2047 IX
915 2002 1135 2060 coniungi
1173 2002 1321 2048 iussit.
1386 2003 1455 2046 Ex
1485 2002 1748 2059 Euripideis
1780 2003 1871 2048 huc

194 2062 502 2178 Ξῗτξῗιέἒξᾳν.
537 2068 672 2108 1475:
720 2060 854 2120 ἄγετέ
891 2078 946 2120 με
984 2062 1073 2107 τὰν
1105 2059 1246 2107 Ἰλίου
1285 2063 1364 2107 καὶ
1405 2065 1598 2120 Φρυγῶν
1637 2060 1870 2107 ἑλέπτολιν

999 2246 1069 2292 XI

112 2359 224 2398 203.
258 2387 267 2396 .
301 2387 311 2397 .
345 2388 355 2398 .
396 2346 530 2414 quae
566 2363 707 2398 nuno
745 2345 840 2398 abs
870 2348 923 2397 te
954 2343 1146 2396 uiduae
1178 2347 1231 2396 et
1261 2347 1442 2396 uastae
1473 2343 1710 2415 uirgines
1746 2348 1870 2397 sunt

317 2458 500 2505 Servius
538 2460 670 2505 Fuld
710 2460 760 2504 in
797 2460 909 2504 Aen.
941 2460 963 2503 I
987 2465 1043 2504 52
1086 2461 1277 2504 ‘uasto
1316 2474 1399 2516 pro
1440 2459 1650 2504 desolato
1689 2462 1869 2503 ueteres

199 2518 451 2620 ffiffgffit.
496 2519 672 2563 Ennius
695 2518 917 2577 Ifigenia.
937 2520 996 2563 ..’
1047 2518 1113 2563 Cf.
1138 2517 1373 2575 Euripidis
1398 2534 1439 2562 v.
1463 2523 1576 2562 1335
1595 2534 1660 2574 sq.
1692 2518 1870 2562 Helena

316 2681 546 2725 senarium
582 2694 702 2736 quae
739 2695 862 2724 nuno
901 2683 1009 2724 sunt
1047 2680 1131 2725 abs
1170 2682 1217 2724 te
1256 2679 1427 2724 uiduae
1465 2681 1629 2723 uastae
1664 2678 1869 2736 uirgines

195 2740 418 2794 proposui
446 2740 594 2784 coroll.
627 2739 776 2783 XXIX

319 2841 393 2884 Ad
424 2842 619 2886 eandem
648 2842 860 2886 fabulam
889 2841 1051 2886 rettuli
1081 2842 1170 2886 ino.
1195 2855 1318 2886 110111.
1342 2800 1676 2884 XXII—XXIV
1704 2842 1751 2884 et
1780 2840 1868 2884 1110.

204 2898 292 2943 1110.
324 2899 417 2943 fab.
450 2901 525 2944 XI.
558 2901 675 2945 XIII.
