1980 3146
756 97 807 151 Q.
839 97 1065 142 ENNIVS
1686 97 1754 149 77

83 233 252 276 oantur
298 230 370 287 (of.
411 231 432 274 I
470 232 518 275 et
555 230 635 305 Π),
682 230 810 274 facta
857 230 918 274 ad
965 229 1202 287 exemplar
1250 229 1608 287 Euripideorum
1654 245 1696 274 v.
1730 235 1756 274 9

80 288 511 395 Ξέζὲἕῖνεῖρῗόζγτές
555 288 601 347 γ’
644 288 744 334 οὔτ’
787 289 996 346 ὀρνὺθων
1043 289 1148 334 οὔτε
1187 288 1428 347 θαλάσσης
1471 291 1518 333 et
1551 294 1634 333 156
1683 289 1759 333 ἴθι

200 458 223 496 1
262 451 472 509 gallique
508 453 812 509 supplendum
847 453 1050 507 videam
1097 452 1155 507 cf.
1195 457 1268 497 tra
1190 466 1311 554 fag.
1351 451 1481 518 Rom.
1515 466 1564 509 Ρ.
1598 455 1654 518 9οό
1684 509 1694 517 ·

80 516 106 556 2
146 513 310 556 cantus
350 512 480 556 Leid
519 512 622 556 AB
655 512 844 556 Vindob.
882 526 939 555 m
966 526 1039 567 ΡΥ.
1324 525 1490 555 rusms:
1533 509 1758 570 (missis)

81 573 222 614 cantu
252 585 286 616 e.
321 586 359 628 q.
391 585 426 615 s.
467 571 696 616 Vahleuus
723 571 821 615 iud.
856 569 1029 626 1888s9
1055 584 1104 626 Ρ
1134 510 1209 614 13f

836 708 1005 756 XXIII

82 793 194 846 Eos
232 792 413 846 reduci
452 792 613 862 quzim
650 792 904 862 relinqui,
943 792 1134 845 deuehi
1173 811 1332 862 quam
1372 792 1540 845 deseri

80 882 263 935 Malui.

201 982 448 1027 Diomedes
478 997 523 1039 p.
549 987 634 1027 441
660 982 709 1027 Ρ.
746 982 1179 1026 ‘homoeoteleuton
1298 984 1351 1026 ut
1382 983 1507 1039 apud
1536 981 1759 1027 Ennium:

84 1043 188 1086 eos’
224 1056 262 1087 e.
287 1057 330 1098 q.
357 1056 391 1086 s.
447 1041 681 1086 Charisius
706 1056 750 1098 p.
777 1046 862 1085 251
886 1041 935 1085 P.
991 1041 1424 1086 ‘homoeoteleuton
1449 1078 1457 1085 .
1478 1077 1515 1085 ..
1541 1044 1615 1086 ut:
1646 1041 1756 1085 hos’

82 1115 120 1145 e.
154 1116 196 1157 q.
231 1116 265 1145 s,
334 1100 509 1144 Donati
557 1115 632 1145 ars
673 1099 749 1145 GL
780 1100 846 1145 IV
875 1105 961 1145 398
985 1100 1039 1145 Κ.
1105 1100 1537 1145 ‘homoeoteleuton
1570 1137 1579 1144 .
1607 1137 1615 1144 .
1644 1137 1652 1144 .
1685 1103 1759 1145 ut:

84 1161 188 1204 eos’
225 1174 262 1204 e.
289 1174 331 1216 q.
358 1175 392 1204 s.
442 1160 549 1204 add.
583 1160 743 1217 artigr.
775 1159 824 1203 in
855 1159 1041 1216 Hageni
1072 1159 1196 1205 anal.
1228 1159 1360 1204 Helv.
1392 1175 1436 1216 p.
1462 1159 1759 1205 CCXXXVII.

81 1219 155 1262 Ad
184 1218 478 1276 Iphigeniam
507 1218 683 1263 rettuli.

207 1327 230 1366 1
262 1322 348 1366 hos
382 1322 620 1367 Charisius
737 1324 785 1366 te
826 1321 934 1366 duci
962 1323 1200 1368 Diomedis
1229 1323 1417 1368 Monac.
1453 1321 1621 1367 deduci
1651 1322 1764 1368 Par.

84 1382 186 1425 AB
217 1381 344 1426 reuei
366 1382 548 1426 Donati
571 1381 755 1426 Sauteu.
787 1396 844 1426 m.
863 1397 936 1438 ΡΥ.
1029 1396 1171 1437 quam
1193 1381 1395 1438 relinqui
1417 1396 1500 1427 om.
1524 1382 1763 1427 Diomedis

87 1458 122 1484 ω
169 1455 310 1496 quam
355 1440 616 1496 relinquere
655 1442 836 1486 Donati
873 1440 1057 1486 Saute‘n.
1096 1456 1153 1486 m.
1188 1456 1263 1498 ΡΥ.
1304 1443 1593 1499 (scriptumne
1622 1440 1762 1485 relin-

83 1499 193 1554 quei
225 1499 367 1557 fuist)
459 1505 484 1543 2
516 1499 685 1543 maluit
715 1500 953 1545 Diomedis
983 1501 1093 1546 Par.
1125 1501 1172 1544 B

843 1640 1007 1688 XXIV

82 1720 327 1776 'Animus
361 1741 518 1794 aeger
548 1725 756 1792 semper
786 1727 949 1777 errat:
987 1725 1159 1794 neque
1189 1725 1306 1794 poti
1336 1742 1508 1794 neque
1540 1724 1747 1794 perpeti
1764 1740 1851 1780 360

82 1810 235 1864 Potis
276 1815 355 1864 est
395 1854 627 1864 ......
666 1815 857 1881 cupere
896 1831 1190 1882 numquam
1230 1813 1438 1866 desinit.

203 1926 360 1971 Cicero
406 1927 540 1971 Tuse.
590 1927 708 1994 disp.
739 1927 805 1971 III
838 1932 885 1985 3,
921 1932 947 1972 5
997 1929 1074 1972 ‘at
1120 1931 1168 1972 et
1212 1929 1364 1973 morbi
1407 1928 1762 1986 perniciosiores

82 1985 331 2042 pluresque
380 1988 488 2030 sunt
526 1986 672 2030 animi
710 2001 851 2042 quam
889 1987 1107 2044 corporis.
1169 1988 1269 2032 Hoc
1308 1987 1433 2032 enim
1469 1988 1571 2045 ipso
1612 1987 1764 2032 odiosi

85 2047 206 2101 sunt,
238 2045 364 2101 quod
395 2046 457 2089 ad
488 2045 696 2090 animum
724 2045 962 2102 pertinent
988 2060 1185 2102 eumque
1210 2046 1482 2103 sollicitant,
1515 2046 1762 2091 animus-

84 2117 190 2158 que
222 2117 422 2161 aeger‚.
447 2107 501 2149 ut
533 2104 601 2149 ait
630 2104 820 2161 Ennius,
855 2106 1100 2163 semper’
1136 2119 1173 2150 e.
1207 2121 1250 2162 q.
1284 2121 1318 2151 s,
1382 2105 1448 2151 cf.
1481 2121 1523 2150 v.
1552 2110 1650 2150 190.

205 2213 227 2251 1
262 2207 383 2267 poti]
415 2207 518 2264 pati
549 2225 584 2251 ω
675 2214 701 2252 2
733 2207 858 2264 potis
890 2209 983 2267 est]
1013 2211 1170 2266 potest
1201 2226 1236 2253 ω
1266 2210 1424 2266 potest
1455 2222 1503 2252 se
1537 2209 1764 2253 Vahlenus

84 2267 180 2310 iud.
221 2268 316 2312 lect.
353 2271 466 2311 1878
500 2282 548 2324 Ρ.
577 2271 632 2310 10
675 2267 917 2312 iambicam
954 2269 1208 2313 clausulam
1246 2270 1542 2322 continuam,
1587 2268 1764 2324 qualem

83 2325 178 2369 iam
208 2326 434 2384 Berykius
471 2327 854 2371 commendaverat
978 2328 1032 2372 de
1057 2326 1237 2373 ‘lacuna
1267 2328 1324 2383 cf.
1357 2340 1446 2372 cor.
1479 2339 1588 2372 com.
1620 2325 1764 2370 CVIII

857 2465 995 2512 XXV

84 2545 176 2600 ‘Vt
214 2548 317 2600 tibi
355 2547 562 2602 Titanis
600 2548 783 2601 Triuia
824 2548 1027 2601 dederit
1064 2548 1286 2618 stirpem
1325 2547 1557 2602 lsberum

207 2662 356 2706 Varro
393 2662 450 2706 de
480 2662 510 2707 1.
542 2663 572 2707 l.
605 2663 690 2706 VII
715 2668 768 2706 16
793 2663 854 2707 M.
921 2662 1143 2708 ‘Ennius:
1181 2665 1235 2707 ut
1264 2662 1379 2707 tibi’
1414 2677 1452 2708 e.
1477 2680 1520 2720 q.
1547 2679 1581 2708 s.
1646 2665 1764 2708 ‘Ti-
1806 2706 1810 2710 ,

86 2720 240 2764 tanis
273 2720 469 2764 Triuia
493 2721 644 2766 Diana
676 2723 771 2765 est’
799 2735 836 2765 e.
863 2736 905 2777 q.
933 2736 966 2767 s.
1013 2722 1206 2766 Medeae
1237 2722 1406 2766 tribuit
1430 2723 1480 2768 Ο.
1507 2723 1759 2768 Muellerus

92 2779 210 2823 conl.
244 2779 479 2836 Euripidis
512 2795 554 2824 v.
582 2785 687 2825 714:

350 2855 493 2890 ουτως
524 2839 636 2896 ἔρως
666 2854 738 2884 σοι
768 2839 883 2895 πρὸς
913 2843 1042 2884 θεῶν
1071 2837 1343 2896 τελεσφόρος

352 2895 532 2954 γένοιτο
562 2900 768 2954 παίδων,
800 2898 969 2950 παντὸς
1001 2898 1152 2958 ὄλβιος
1181 2898 1364 2951 θάνοις.
