2020 3140
726 92 990 138 NAEVIVS
1050 92 1274 138 ENNIVS
1733 94 1844 153 323

172 239 200 269 a
241 225 427 269 senibus
461 226 746 270 sustentatas
779 228 826 270 et
855 226 1096 269 restitutas
1126 225 1379 282 reperietis.
1442 241 1465 270 c
1475 240 1500 270 e
1510 227 1541 269 d
1549 240 1576 270 o
1603 262 1612 270 .
1632 263 1642 272 .
1662 262 1670 270 .
1697 241 1722 270 c
1730 226 1748 269 i
1756 229 1778 270 t
1786 241 1811 270 o
1822 234 1843 272 ἱ)

171 284 237 327 sic
283 284 408 329 enim
451 284 834 340 percontantibus
879 284 936 328 in
973 283 1179 328 Naeuii
1223 300 1254 341 p
1264 299 1290 328 o
1301 287 1392 330 eta
1402 298 1427 329 e
1464 285 1501 329 L
1510 300 1580 342 up
1590 299 1617 329 o
1654 299 1843 343 respon-

171 343 338 387 dentur
384 345 432 387 et
477 343 573 387 alia
619 345 667 387 et
711 344 799 388 hoc
844 343 895 386 in
939 343 1120 400 primis:
1166 344 1612 400 proueniebant'
1657 359 1694 391 e.
1728 359 1771 400 q.
1805 359 1840 389 s.

169 401 646 458 percontantibus
670 403 995 447 Mommsenus.
1038 404 1453 459 percontantur
1473 406 1535 448 ut
1556 403 1684 448 Leid.
1715 417 1841 461 per-

169 475 192 503 c
204 476 270 505 on
282 463 479 505 tantur
524 463 586 504 ut
631 464 717 505 est
763 461 906 505 ceteri
950 461 1072 506 libri.
1163 461 1319 505 neuii
1357 462 1483 506 Leid.
1517 463 1636 507 Flor.
1667 462 1839 508 Erfurt.

165 520 311 564 Paris.
343 520 585 577 Rhenaug.
618 520 738 564 alter
825 536 856 577 p
867 535 893 564 ο
903 534 927 564 e
937 522 957 564 t
966 534 994 564 a
1005 534 1029 564 e
1051 520 1179 564 Leid.
1211 536 1242 577 p
1253 535 1279 564 o
1290 536 1310 564 s
1319 523 1341 564 t
1350 535 1373 564 e
1383 521 1430 564 ri
1440 535 1465 565 0
1474 521 1523 564 ri
1546 521 1692 566 Paris.
1717 522 1838 566 Flor.

167 579 488 635 posteriore
533 578 703 623 Erfurt.
749 579 989 636 Rhenaug.
1038 579 1157 623 alter
1265 580 1417 636 Lupo
1465 580 1640 637 scripsi.
1689 580 1840 625 libro

166 638 285 683 Flor.
334 638 427 682 Erf.
474 637 618 682 Paris.
664 638 905 694 Rhenaug.
961 637 1081 682 alter
1132 639 1252 682 teste
1297 638 1485 683 Baitero
1531 639 1588 682 111
1598 640 1628 682 d
1638 654 1663 683 o
1709 639 1838 684 Leid.

164 697 284 741 Flor.
324 713 416 754 mg.
456 696 756 742 Benedictob.
799 697 1004 741 Indersd.
1043 697 1283 754 Rhenaug.
1323 712 1390 754 pr.
1434 698 1687 756 Salisburg.
1782 698 1841 742 in

166 755 375 800 Naeuii
404 758 611 812 poetae
641 755 900 822 ludorum
928 755 1250 812 posteriore
1282 755 1431 800 libro
1462 757 1699 802 Baehrens
1731 772 1837 802 ann.

162 815 325 871 philol.
354 819 467 859 1886
494 830 539 871 p.
563 819 650 858 405
677 814 736 858 ab
762 814 887 859 omni
909 814 1246 871 probabilitate
1271 814 1503 860 aberrans.
1551 816 1700 860 Nisi
1686 832 1736 873 1p
1739 831 1841 860 sum

163 875 328 917 horum
372 887 588 918 versuum
627 876 952 931 argumentum
991 876 1064 917 sat
1103 876 1263 930 aperte
1300 876 1592 930 praetextam
1629 875 1842 942 fabulam

162 932 412 989 indicaret,
465 932 693 990 palliatae
745 932 912 977 titulus
958 933 994 976 L
1006 948 1036 976 u
1047 933 1076 975 d
1086 948 1116 976 u
1126 948 1146 977 s
1197 933 1574 990 interpretandus
1620 934 1841 978 1111111111111

165 995 289 1036 esset
318 969 519 1049 Ly’dus.

281 1087 303 1125 1
336 1083 542 1125 uestram
579 1094 677 1124 rem
715 1098 772 1136 ω,
812 1082 1075 1138 transposui
1194 1081 1307 1124 cedo
1346 1095 1443 1125 rem
1480 1081 1720 1138 publicam
1758 1081 1839 1137 qui

161 1143 367 1184 uestram
408 1141 592 1184 tantam
630 1139 812 1184 amistis
850 1142 949 1183 tam
987 1140 1081 1184 cito
1122 1141 1323 1198 Koechly
1361 1140 1474 1184 cedo
1515 1140 1595 1196 qui
1633 1142 1840 1185 uestram

158 1199 398 1256 publicam
442 1212 541 1243 rem
584 1201 768 1243 tantam
815 1198 995 1242 amistis
1041 1201 1075 1243 t.
1124 1214 1160 1244 c.
1193 1200 1308 1243 Bue.
1399 1200 1528 1244 Inter
1558 1202 1759 1256 priorem
1797 1206 1840 1245 et

159 1260 351 1304 alterum
393 1273 570 1303 versum
615 1260 836 1315 quaedam
872 1265 1064 1315 posswnt
1101 1260 1368 1315 interposita
1403 1260 1546 1314 fuisse
1667 1265 1692 1303 2
1732 1273 1839 1316 pro-

158 1317 405 1361 uenientur
450 1319 522 1374 (ur
567 1319 670 1374 del.)
715 1318 866 1362 Paris.
993 1317 1106 1361 noui
1152 1319 1200 1361 et
1238 1318 1389 1362 Paris.
1429 1318 1613 1373 Erfwrt.
1657 1318 1770 1362 noui
1801 1336 1838 1375 φ

249 1377 362 1421 cedo
409 1375 498 1429 Qui
544 1382 587 1421 et
623 1375 968 1420 Proueniebant
1007 1391 1047 1420 o.
1086 1376 1220 1432 116111,
1269 1375 1403 1420 stulti
1442 1377 1515 1421 ad.
1560 1379 1839 1423 commendat

159 1435 543 1481 GFWMueller:
575 1437 681 1480 item
709 1437 1014 1492 septenarium
1043 1435 1356 1493 prouenibant
1382 1451 1416 1480 e.
1449 1451 1488 1493 q.
1520 1449 1554 1480 s.
1618 1438 1839 1482 suadebat

159 1495 500 1550 Fleckeisenus;
544 1496 621 1539 sed
667 1495 953 1539 duriusculos
996 1509 1204 1540 numeros
1242 1496 1498 1539 tolerandos
1534 1509 1625 1540 esse
1655 1497 1835 1552 putavi,

157 1560 198 1599 et
235 1555 424 1609 fortasse
454 1555 685 1609 adfectata
714 1555 935 1611 yravitate
966 1555 1189 1598 levitatem
1219 1554 1657 1599 adulescentulorum
1685 1556 1835 1599 ridere

155 1615 298 1659 voluit
320 1618 476 1670 poeta:
508 1619 701 1658 ceterum
729 1613 866 1657 initio
897 1626 936 1657 v.
969 1614 1070 1655 tum
1099 1614 1325 1669 supplevit
1356 1613 1652 1658 Hermannus

752 1769 825 1854 Q.
880 1768 1237 1840 ENNIVS

818 1911 1169 1961 AMBRAOIA

274 2010 399 2054 Inter
427 2011 695 2066 praetextas
725 2008 902 2065 primus
931 2008 1108 2052 rettuli.

976 2119 1002 2165 I

155 2203 303 2256 'Esse
341 2222 436 2272 per
473 2205 658 2274 gentes
697 2202 910 2255 cluebat
947 2202 1186 2254 omnium
1223 2203 1565 2258 miserrimus,

250 2303 452 2383 ’Nonius
482 2319 528 2359 p.
553 2307 631 2359 88,
659 2308 682 2346 1
726 2303 926 2359 ‘cluet‚
964 2301 1233 2346 nominatur
1258 2339 1266 2346 .
1288 2339 1296 2347 .
1318 2339 1326 2347 .
1351 2303 1526 2347 Ennius
1561 2304 1828 2350 Ambratia:

191 2377 239 2407 er
297 2376 335 2407 e.
405 2399 412 2406 .
448 2377 481 2406 s,

156 2379 187 2419 p
273 2456 356 2499 per
370 2377 562 2499 qgentes
603 2455 701 2486 esse
740 2459 775 2486 ω
821 2455 904 2498 per
940 2443 1105 2499 gentes
1143 2441 1284 2485 Asiae
1324 2443 1426 2488 Bue
1470 2442 1710 2487 hominum
1746 2458 1830 2501 per

157 2504 319 2562 gentes
352 2502 577 2560 Berykius
965 2566 1016 2614 Π

156 2651 299 2704 Bene
346 2669 551 2720 moneS‚
597 2653 712 2702 tute
758 2648 872 2719 ipse
919 2652 1134 2702 cunctas
1179 2653 1352 2703 calite:
1399 2669 1430 2703 o
1472 2651 1594 2703 uide
1631 2651 1826 2715 fortem

1209 2738 1406 2791 uirum!

275 2833 453 2876 Nonius
484 2847 528 2888 p.
554 2836 661 2887 469,
688 2836 742 2875 25
793 2832 1090 2874 ‘cunctant
1127 2844 1210 2887 pro
1254 2833 1531 2876 cunctantur
1556 2868 1565 2877 .
1585 2868 1594 2876 .
1615 2869 1623 2877 .
1648 2832 1824 2877 Ennius

158 2891 445 2937 Anbrachia:
477 2891 620 2935 bene’
656 2904 692 2935 e.
726 2905 767 2945 q.
803 2905 836 2934 s.

1473 2965 1558 3007 21*
