1980 3146
738 99 800 144 M.
823 99 1129 145 PACVVIVS
1663 101 1768 154 125

912 240 958 286 V

99 323 212 376 Nec
250 323 360 375 uilla
397 322 616 376 subscus
655 323 870 376 cohibet
907 342 1217 395 compagem
1255 324 1415 394 aluei,

102 411 205 464 Sed
243 415 362 465 suta
398 412 509 465 lino
551 415 602 465 et
640 413 864 482 sparteis
901 412 1149 465 seri‘h'bus

1771 338 1855 378 250

215 520 379 563 Festus
403 535 446 576 p.
466 525 552 564 343
569 521 630 565 M.
666 520 917 564 ‘serilla’
943 520 1164 577 (serilia
1187 520 1427 565 Turnebus
1447 521 1563 566 Adv.
1581 521 1709 565 XVII
1727 523 1784 578 7).

101 578 314 623 ‘Verrius
355 579 582 636 appellari
618 581 756 636 putat
792 578 987 636 nauigia
1016 579 1220 624 Histrica
1252 594 1306 624 ac
1336 579 1606 636 Liburnica,
1649 594 1770 636 quae

97 637 194 682 lino
227 652 280 682 ac
313 641 469 694 sparto
498 638 852 694 condensantur,
885 652 914 682 a
936 639 1219 683 conserendo
1244 641 1292 683 et
1316 639 1602 683 contexendo
1628 639 1769 696 dJ'cta,

98 696 210 753 quia
240 696 369 741 dicat
390 698 439 741 P.
469 697 519 741 in
539 696 742 754 Niptris:
773 710 858 741 nec
889 697 1011 741 ulla’
1047 711 1085 742 e.
1110 712 1153 753 q.
1180 713 1214 742 s.
1250 699 1380 742 ‘cum
1400 700 1771 755 περιφραστικῶς

101 759 148 800 et
186 756 293 800 ficto
333 756 563 800 uocabulo
595 770 705 799 usus
737 755 800 800 sit
828 770 912 813 pro
942 755 1184 813 flmiculis‚
1224 756 1305 813 qui
1336 759 1493 814 sparto
1526 771 1770 801 conserun-

98 816 206 860 tur.’
276 815 406 859 Idem
442 830 486 872 p.
520 820 604 859 306
635 815 698 859 M.
763 815 1121 873 ‘[subscudes
1176 816 1492 875 ap]pellantur
1545 819 1770 861 cuneatae

98 874 344 932 ta[bellae‚
391 873 579 933 quibus]
618 873 811 918 tabulae
850 874 972 918 inter
1010 888 1058 918 se
1097 875 1431 934 confliguntur,
1478 874 1630 934 qui]a,
1679 889 1770 931 quo

99 947 181 977 eae
211 932 539 989 immittuntur,
571 932 871 991 [succuditur.
918 933 1186 992 Pa]cuius
1218 933 1267 978 in
1297 933 1476 991 Niptris
1509 935 1602 992 [1]’
1636 934 1772 979 Pauli

98 993 262 1036 Festus
291 1007 335 1049 p.
360 996 447 1036 307
477 993 538 1036 M.
605 992 940 1036 ‘subscudes
983 992 1278 1050 appellantur
1314 993 1545 1037 tabellae’
1588 1007 1625 1038 e.
1659 1008 1700 1051 q.
1735 1008 1769 1037 s,

103 1050 378 1097 ‘Pacuuiusz
410 1065 495 1095 nec
526 1051 625 1095 ulla
657 1066 690 1097 s.
725 1066 762 1095 c.
796 1053 1098 1109 compagem.’

897 1192 970 1239 VI

99 1274 227 1328 Inde
264 1273 494 1328 Aetnam
532 1279 770 1328 montem
807 1275 1031 1329 aduenio
1071 1276 1129 1328 in
1165 1276 1471 1346 scruposam
1510 1294 1740 1346 specum.

217 1384 334 1427 Non.
369 1389 469 1440 223,
496 1389 519 1426 1
556 1384 780 1441 ‘specus
900 1383 1123 1428 feminino
1150 1384 1445 1428 ...Accius
1477 1383 1657 1441 Niptris
1681 1421 1689 1428 .
1711 1421 1718 1428 .
1740 1385 1767 1428 .‘

100 1441 174 1499 (in
210 1449 263 1487 ni
296 1442 562 1499 psaltriis
594 1442 756 1487 Vrbin.
790 1445 893 1499 308)
923 1442 1187 1487 Priscianus
1224 1459 1269 1500 p.
1304 1448 1387 1487 713
1418 1444 1467 1487 P.
1519 1442 1619 1487 ‘hic
1652 1457 1772 1500 spe·

100 1515 217 1555 cus,
248 1502 373 1557 quod
404 1504 503 1546 tam
532 1501 841 1546 masculinum
871 1516 1012 1557 quam
1040 1504 1257 1546 neutrum
1286 1501 1523 1545 inuenitur
1548 1538 1557 1547 .
1578 1539 1586 1546 .
1608 1539 1616 1546 .
1641 1501 1773 1546 femi-

99 1559 209 1604 nino
255 1563 414 1604 tamen
458 1561 545 1605 hoc
590 1574 760 1605 nomen
805 1575 988 1616 quoque
1032 1561 1269 1605 inuenitur
1293 1597 1303 1605 .
1331 1597 1338 1604 .
1364 1597 1372 1605 .
1396 1560 1677 1604 Pacuuius
1723 1560 1774 1604 in

100 1618 301 1676 Niptris:
328 1619 569 1664 aduenio
594 1619 651 1663 in
675 1634 998 1676 scruposam
1022 1621 1276 1677 specum.'
1305 1619 1361 1665 cf.
1381 1619 1502 1664 anal.
1519 1620 1652 1665 Helv.
1674 1625 1771 1664 102.

216 1715 325 1759 inde
366 1715 564 1760 aduenio
603 1717 808 1760 montem
837 1716 1006 1760 Aetam
1044 1730 1126 1760 scr.
1168 1730 1234 1772 sp.
1266 1716 1451 1760 Nonius
1493 1714 1692 1759 aduenio
1723 1714 1773 1759 in

102 1789 185 1818 scr.
219 1790 285 1831 sp.
317 1777 472 1820 ceteris
502 1776 675 1819 omissis
705 1775 975 1820 Priscianus
1003 1774 1113 1818 inde
1144 1773 1343 1819 aduenio
1374 1776 1580 1818 montem
1607 1773 1773 1819 Oetam

103 1847 185 1877 scr.
220 1849 285 1890 sp.
318 1835 437 1889 edd„
478 1834 726 1878 Bentleius.
794 1834 1026 1890 Temptavi
1062 1836 1169 1878 olim
1206 1835 1274 1878 vel
1309 1833 1419 1877 inde
1450 1833 1651 1877 Aetnam
1692 1834 1772 1876 ad·

103 1892 240 1936 uenio
271 1895 476 1937 montem
505 1895 573 1937 vel
602 1892 803 1936 Aetnam
825 1892 940 1940 ,inde
971 1895 1175 1937 montem
1207 1892 1406 1936 aduenio
1437 1891 1487 1935 in
1511 1906 1593 1937 scr.
1620 1907 1687 1949 sp.

104 1952 419 2008 scrupulosam
449 1951 798 2009 (scropulosam)
830 1952 1064 1997 Prisciani
1093 1962 1131 2008 ψ
1165 1951 1388 2008 scripsam
1419 1951 1567 1995 No‘nii
1596 1952 1639 1995 L

887 2091 985 2138 VII

730 2179 902 2228 aetate
939 2174 1172 2246 integra,

106 2264 292 2317 Feroci
331 2264 568 2334 ingeniO,
606 2263 740 2316 facie
777 2264 996 2332 procera
1033 2264 1212 2315 uirum

222 2371 398 2416 Gellius
422 2372 528 2415 XIII
550 2375 606 2415 30
630 2372 736 2428 (29),
761 2375 786 2414 3
820 2370 986 2415 ‘sicuti
1008 2370 1200 2428 quidam
1223 2370 1246 2413 f
1250 2370 1427 2414 aciem
1450 2383 1549 2414 esse
1572 2369 1772 2415 hominis

103 2433 273 2489 putant
311 2445 360 2474 os
397 2432 583 2483 tantum
621 2432 668 2474 et
703 2429 860 2474 oculos
892 2433 940 2474 et
969 2444 1135 2488 genas,
1174 2430 1299 2486 quod
1331 2428 1495 2474 Graeci
1524 2427 1774 2486 πρόσωπον

106 2491 287 2535 dicunt:
334 2489 521 2546 quando
564 2488 707 2532 facies
747 2488 809 2532 sit
846 2489 995 2533 forma
1034 2488 1181 2533 omnis
1221 2490 1268 2532 et
1304 2488 1468 2532 modus
1507 2490 1555 2532 et
1592 2488 1774 2532 factura

105 2549 337 2605 quaedam
366 2548 568 2605 corporis
592 2547 738 2592 totius
765 2584 772 2592 .
794 2585 802 2592 .
823 2583 832 2593 .
855 2547 1015 2604 itaque
1037 2547 1268 2593 Pacuuius
1292 2546 1342 2591 in
1364 2546 1621 2604 tragoedia,
1653 2560 1773 2603 quae

106 2608 275 2664 Niptra
313 2607 602 2664 inscribitur,
642 2606 811 2651 faciem
840 2606 960 2651 dixit
988 2607 1190 2652 hominis
1222 2620 1304 2663 pro
1335 2605 1539 2662 corporis
1570 2606 1774 2663 longitu-

105 2667 227 2711 dine.
281 2667 463 2723 Aetate,
494 2665 660 2722 inquit,
691 2665 892 2723 integra’
926 2680 964 2710 e.
989 2681 1032 2722 q.
1059 2681 1092 2710 s.
1147 2666 1376 2722 Excerpta
1408 2664 1623 2710 Gelliana
1645 2663 1798 2708 edita.

108 2740 136 2769 a
157 2725 536 2770 Reifferscheidio
559 2740 674 2769 mus.
699 2724 845 2769 Rhen.
868 2725 975 2770 XVI
995 2741 1040 2782 p.
1065 2730 1119 2769 10
1147 2724 1339 2768 ‘faciem
1359 2723 1560 2767 hominis
1584 2723 1776 2779 quidam

105 2786 276 2841 putant
306 2798 405 2829 esse
436 2799 486 2828 os
510 2787 696 2829 tantum
718 2786 767 2827 et
789 2783 946 2828 oculos
971 2787 1019 2828 et
1041 2798 1198 2842 genas,
1231 2797 1336 2827 cum
1358 2782 1501 2826 facies
1527 2781 1588 2826 sit
1610 2782 1774 2826 modus

109 2845 157 2886 et
194 2843 376 2887 factura
413 2844 643 2899 quaedam
680 2842 883 2899 corporis
920 2843 1068 2887 totius
1187 2842 1308 2886 unde
1339 2841 1568 2885 Pacuuius
1608 2840 1776 2885 faciem

110 2901 308 2946 hominis
355 2901 474 2946 dixit
518 2917 600 2960 pro
649 2904 848 2948 statura:
897 2905 1072 2959 aetate,
1118 2900 1292 2958 inquit,
1338 2900 1545 2957 integra'
1592 2914 1629 2944 e.
1663 2915 1706 2955 q.
1739 2915 1773 2944 s.
