1980 3146
147 99 250 152 162
835 94 881 141 L.
914 97 1126 143 ACCIVS

945 237 1023 285 ΠΙ

143 323 317 376 Βθιίῑη
348 324 598 393 regnator
628 322 784 374 nocte
817 339 969 374 caeca
993 321 1198 374 caelum
1223 338 1250 373 e
1275 324 1559 390 conspectu
1585 322 1824 375 abstulit.

264 422 448 467 Servius
479 422 596 466 Dan.
631 421 681 465 in
711 422 824 467 Aen.
857 422 879 465 Ι
908 426 965 466 88
999 421 1300 479 ‘eripiunt,
1332 422 1363 466 i.
1397 436 1434 467 e.
1469 422 1759 467 abstollunt.’

945 561 1018 609 IV

145 647 320 699 Fhicti
359 645 784 702 inmisericordes
822 646 1015 715 iacere,
1053 646 1226 698 taetra
1265 645 1331 698 ad
1370 663 1497 698 saxa
1535 645 1764 699 adlidere

263 747 382 792 Non.
415 751 515 803 488,
542 751 597 790 12
632 744 830 790 ‘flucti
860 759 943 803 pro
974 746 1156 791 fluctus.
1218 746 1387 790 Accius
1419 746 1579 790 Telefo
1700 746 1825 791 idem

148 806 571 864 Clytaemystra
597 842 606 851 .
628 842 635 850 .
658 805 686 850 .’

262 896 416 939 taetra
440 893 674 939 Mercerus
704 896 863 938 aetera
887 894 965 939 Ba
997 896 1044 938 et
1075 896 1207 938 aetra
1231 911 1267 951 φ
1294 900 1473 952 eoecepto
1495 894 1560 939 W
1576 895 1655 952 qui
1685 900 1825 939 totum

145 968 298 1000 vermes
328 954 570 999 dimidium
600 954 766 998 omittit

60 1097 115 1209 Ξέ
146 1120 369 1172 Pectore
389 1113 391 1115 ’
415 1118 726 1172 incohatum
771 1118 975 1171 fulmen
1017 1119 1287 1170 flammam
1326 1118 1630 1172 ostentabat
1666 1118 1827 1171 Iouis,

266 1219 450 1265 Servius
491 1219 608 1264 Dan.
655 1219 706 1263 in
743 1220 856 1264 Aen.
899 1220 920 1263 I
950 1224 1008 1263 44
1060 1219 1222 1263 ‘illum
1268 1218 1558 1277 expirantem
1602 1219 1826 1264 transfixo

147 1282 335 1337 pectore
372 1279 584 1323 flammas
616 1277 820 1323 Turbine
860 1278 1104 1338 corripuit]
1135 1279 1314 1335 Probus
1347 1281 1394 1322 et
1423 1281 1677 1336 tempore
1707 1277 1826 1336 legit

245 1339 327 1383 sed
366 1338 447 1394 qui
485 1338 650 1395 legunt
686 1340 938 1394 pectore,
981 1338 1038 1382 de
1076 1337 1218 1382 Accio
1257 1338 1539 1382 translatum
1579 1337 1825 1393 affirmant,

149 1398 229 1454 qui
269 1397 338 1442 ait
376 1397 426 1440 in
458 1397 766 1454 Clytemestra
804 1397 861 1441 de
892 1396 1067 1441 Aiace
1094 1398 1181 1442 ...’
1247 1397 1569 1442 Antecedebat
1598 1397 1703 1441 fort.
1736 1396 1824 1442 ine.

148 1457 238 1503 inc.
271 1457 365 1501 fab.
400 1457 526 1502 XXI:
560 1456 616 1501 cf.
649 1458 768 1513 trag.
800 1456 932 1501 Rom.
958 1461 1057 1500 463.

267 1545 316 1589 in
338 1547 525 1602 pectore
543 1544 739 1600 Servius,
765 1546 883 1602 quod
904 1545 1013 1589 olim
1035 1546 1087 1589 in
1109 1546 1235 1590 exitu
1256 1559 1409 1590 versus
1426 1546 1564 1602 posui
1651 1544 1828 1588 fulmen

151 1605 422 1649 inchoatum
455 1605 655 1649 Servius:
689 1605 746 1660 cf.
778 1604 927 1648 coroll.
962 1603 1004 1647 L

952 1743 1026 1791 VI

157 1828 263 1881 Ciir
301 1847 387 1882 me
425 1828 673 1881 miseram
713 1827 932 1898 inridet,
969 1827 1179 1898 magnis
1218 1828 1518 1897 compotem
1558 1831 1611 1880 et
1644 1827 1831 1880 multis
1881 1866 1887 1872 -

1213 1917 1404 1969 malis?

269 2018 389 2063 Non.
416 2022 516 2073 521,
541 2021 596 2061 27
633 2018 974 2073 ‘compotem
1005 2017 1157 2061 bonae
1188 2016 1256 2061 rei
1287 2017 1438 2061 solum
1469 2016 1562 2060 dici
1594 2016 1830 2061 existima-

153 2080 241 2134 tur,
276 2091 381 2121 cum
411 2076 556 2120 etiam
586 2075 712 2120 mala
743 2075 793 2118 in
823 2090 871 2120 re
903 2075 1109 2133 positum
1140 2076 1233 2121 sit!

271 2179 403 2210 meae
426 2175 487 2223 ψε
512 2180 577 2209 a‘n
599 2177 700 2208 mee
724 2164 934 2210 Acciana
957 2164 1220 2223 scriptura?
1251 2167 1308 2221 cf.
1334 2179 1371 2210 v.
1399 2169 1425 2209 8
1450 2170 1492 2210 et
1516 2169 1570 2208 53
1646 2164 1831 2221 magnis

161 2225 352 2282 Lipsius
380 2223 532 2281 magis
563 2241 598 2267 ω

943 2305 1041 2352 VII

159 2387 371 2442 Scibam
394 2388 531 2441 hanc
555 2387 689 2440 mihi
712 2389 1014 2457 supremam
1038 2389 1211 2442 lucem
1237 2391 1289 2440 et
1312 2388 1498 2441 seruiti
1522 2388 1682 2440 finem
1705 2388 1831 2439 dari.

274 2497 391 2541 Non.
426 2502 526 2554 226,
552 2501 578 2540 8
613 2495 933 2556 ‘[seruitus]
964 2496 1151 2542 neutri)

278 2592 439 2636 sei-uiti
471 2593 666 2637 Bothius
698 2591 937 2636 seruitutis
970 2592 1184 2650 (seruitas
1217 2593 1276 2649 L)
1309 2610 1343 2636 ω
1376 2590 1556 2636 seruitii
1590 2591 1769 2636 Vossius

931 2717 1055 2765 VIII

215 2841 223 2851 .
265 2841 275 2851 .
314 2803 377 2852 ut
415 2802 548 2869 quae
587 2804 705 2854 tum
743 2801 1015 2854 absentem
1053 2800 1212 2853 rebus
1252 2798 1426 2852 dubiis
1465 2797 1744 2867 coniugem

162 2885 443 2958 Tetinerit,
482 2907 624 2941 nunc
659 2889 852 2957 prodat
888 2888 1156 2941 ultorem?
1232 2886 1237 2890 ⁶
