<?xml version="1.0" encoding="UTF-8"?>
<!DOCTYPE html PUBLIC "-//W3C//DTD XHTML 1.0 Transitional//EN"
    "http://www.w3.org/TR/xhtml1/DTD/xhtml1-transitional.dtd">
<html xmlns="http://www.w3.org/1999/xhtml" xml:lang="en" lang="en">
 <head>
  <title>
</title>
<meta http-equiv="Content-Type" content="text/html;charset=utf-8" />
  <meta name='ocr-system' content='tesseract 3.04.00' />
  <meta name='ocr-capabilities' content='ocr_page ocr_carea ocr_par ocr_line ocrx_word'/>
</head>
<body>
  <div class='ocr_page' id='page_1' title='image "./fragscaenicaeromr01ribbuoft_0074.png"; bbox 0 0 1980 3146; ppageno 0'>
   <div class='ocr_carea' id='block_1_1' title="bbox 147 87 1144 144">
    <p class='ocr_par' dir='ltr' id='par_1_1' title="bbox 147 87 1144 144">
     <span class='ocr_line' id='line_1_1' title="bbox 147 87 1144 144; baseline -0.013 0"><span class='ocrx_word' id='word_1_1' title='bbox 147 91 216 144; x_wconf 82' lang='lat'>62</span> <span class='ocrx_word' id='word_1_2' title='bbox 833 88 885 142; x_wconf 83' lang='lat' dir='ltr'>Q.</span> <span class='ocrx_word' id='word_1_3' title='bbox 916 87 1144 133; x_wconf 80' lang='lat' dir='ltr'>ENNTVS</span> 
     </span>
    </p>
   </div>
   <div class='ocr_carea' id='block_1_2' title="bbox 143 220 1827 573">
    <p class='ocr_par' dir='ltr' id='par_1_2' title="bbox 143 220 1827 573">
     <span class='ocr_line' id='line_1_2' title="bbox 265 220 1827 279; baseline 0 -12"><span class='ocrx_word' id='word_1_4' title='bbox 265 228 288 267; x_wconf 93' lang='lat'>1</span> <span class='ocrx_word' id='word_1_5' title='bbox 324 223 405 267; x_wconf 85' lang='lat' dir='ltr'>sed</span> <span class='ocrx_word' id='word_1_6' title='bbox 435 228 590 267; x_wconf 79' lang='lat' dir='ltr'>utrum</span> <span class='ocrx_word' id='word_1_7' title='bbox 614 222 765 266; x_wconf 65' lang='lat' dir='ltr'>Ermii</span> <span class='ocrx_word' id='word_1_8' title='bbox 794 222 855 266; x_wconf 80' lang='lat' dir='ltr'>sit</span> <span class='ocrx_word' id='word_1_9' title='bbox 884 235 950 265; x_wconf 77' lang='lat' dir='ltr'>an</span> <span class='ocrx_word' id='word_1_10' title='bbox 973 220 1215 277; x_wconf 66' lang='lat' dir='ltr'>Ciceronis,</span> <span class='ocrx_word' id='word_1_11' title='bbox 1247 222 1453 267; x_wconf 78' lang='lat' dir='ltr'>dubitari</span> <span class='ocrx_word' id='word_1_12' title='bbox 1467 228 1615 279; x_wconf 75' lang='lat' dir='ltr'>potest</span> <span class='ocrx_word' id='word_1_13' title='bbox 1691 227 1717 266; x_wconf 83' lang='lat'><strong>2</strong></span> <span class='ocrx_word' id='word_1_14' title='bbox 1742 225 1827 267; x_wconf 90' lang='lat' dir='ltr'>aut</span> 
     </span>
     <span class='ocr_line' id='line_1_3' title="bbox 144 279 1824 339; baseline 0.001 -13"><span class='ocrx_word' id='word_1_15' title='bbox 144 282 313 338; x_wconf 82' lang='lat' dir='ltr'>insani,</span> <span class='ocrx_word' id='word_1_16' title='bbox 345 280 513 338; x_wconf 83' lang='lat' dir='ltr'>quibus</span> <span class='ocrx_word' id='word_1_17' title='bbox 546 280 845 326; x_wconf 74' lang='lat' dir='ltr'>Hermannus</span> <span class='ocrx_word' id='word_1_18' title='bbox 925 284 955 324; x_wconf 80' lang='lat'>4</span> <span class='ocrx_word' id='word_1_19' title='bbox 986 279 1277 325; x_wconf 86' lang='lat' dir='ltr'>dracumam:</span> <span class='ocrx_word' id='word_1_20' title='bbox 1309 281 1368 335; x_wconf 79' lang='lat' dir='ltr'>cf.</span> <span class='ocrx_word' id='word_1_21' title='bbox 1401 281 1644 327; x_wconf 78' lang='lat' dir='ltr'>Bitschelii</span> <span class='ocrx_word' id='word_1_22' title='bbox 1671 296 1824 339; x_wconf 76' lang='lat' dir='ltr'>opusc.</span> 
     </span>
     <span class='ocr_line' id='line_1_4' title="bbox 143 338 1734 398; baseline -0.001 -12"><span class='ocrx_word' id='word_1_23' title='bbox 143 343 209 386; x_wconf 89' lang='lat' dir='ltr'>II</span> <span class='ocrx_word' id='word_1_24' title='bbox 233 346 320 386; x_wconf 84' lang='lat'>469</span> <span class='ocrx_word' id='word_1_25' title='bbox 343 355 433 398; x_wconf 82' lang='lat' dir='ltr'><strong><em>sqq.</em></strong></span> <span class='ocrx_word' id='word_1_26' title='bbox 473 339 744 384; x_wconf 82' lang='lat' dir='ltr'>drachmam</span> <span class='ocrx_word' id='word_1_27' title='bbox 781 338 912 384; x_wconf 76' lang='lat' dir='ltr'>Leid.</span> <span class='ocrx_word' id='word_1_28' title='bbox 944 338 1012 382; x_wconf 87' lang='lat' dir='ltr'>B¹</span> <span class='ocrx_word' id='word_1_29' title='bbox 1051 338 1290 383; x_wconf 79' lang='lat' dir='ltr'><strong>dracmam</strong></span> <span class='ocrx_word' id='word_1_30' title='bbox 1318 340 1389 384; x_wconf 82' lang='lat' dir='ltr'>vel</span> <span class='ocrx_word' id='word_1_31' title='bbox 1425 339 1668 398; x_wconf 84' lang='lat' dir='ltr'>dragmam</span> <span class='ocrx_word' id='word_1_32' title='bbox 1695 350 1734 396; x_wconf 79' lang='grc' dir='ltr'><strong><em>ψ</em></strong></span> 
     </span>
     <span class='ocr_line' id='line_1_5' title="bbox 153 398 1825 458; baseline -0.001 -12"><span class='ocrx_word' id='word_1_33' title='bbox 153 402 337 446; x_wconf 80' lang='lat' dir='ltr'>Verswm</span> <span class='ocrx_word' id='word_1_34' title='bbox 361 405 387 443; x_wconf 84' lang='lat'>5</span> <span class='ocrx_word' id='word_1_35' title='bbox 417 412 512 443; x_wconf 70' lang='lat' dir='ltr'>‘non</span> <span class='ocrx_word' id='word_1_36' title='bbox 535 400 671 455; x_wconf 76' lang='lat' dir='ltr'>potui</span> <span class='ocrx_word' id='word_1_37' title='bbox 699 399 813 443; x_wconf 74' lang='lat' dir='ltr'>‘mihi</span> <span class='ocrx_word' id='word_1_38' title='bbox 835 399 1111 455; x_wconf 76' lang='lat' dir='ltr'>persuadere</span> <span class='ocrx_word' id='word_1_39' title='bbox 1139 399 1198 443; x_wconf 85' lang='lat' dir='ltr'>ab</span> <span class='ocrx_word' id='word_1_40' title='bbox 1222 398 1385 443; x_wconf 74' lang='lat' dir='ltr'>Ennio</span> <span class='ocrx_word' id='word_1_41' title='bbox 1409 401 1566 456; x_wconf 72' lang='lat' dir='ltr'>potius</span> <span class='ocrx_word' id='word_1_42' title='bbox 1585 401 1825 458; x_wconf 74' lang='lat' dir='ltr'><strong><em>prioribus</em></strong></span> 
     </span>
     <span class='ocr_line' id='line_1_6' title="bbox 145 458 1731 515; baseline -0.001 -10"><span class='ocrx_word' id='word_1_43' title='bbox 145 462 411 505; x_wconf 74' lang='lat' dir='ltr'>adiumetum</span> <span class='ocrx_word' id='word_1_44' title='bbox 463 472 599 515; x_wconf 73' lang='lat' dir='ltr'>quam</span> <span class='ocrx_word' id='word_1_45' title='bbox 653 458 828 502; x_wconf 80' lang='lat' dir='ltr'>lectoris</span> <span class='ocrx_word' id='word_1_46' title='bbox 879 458 1078 502; x_wconf 74' lang='lat' dir='ltr'>alicuius</span> <span class='ocrx_word' id='word_1_47' title='bbox 1123 458 1313 502; x_wconf 80' lang='lat' dir='ltr'>lascivia</span> <span class='ocrx_word' id='word_1_48' title='bbox 1359 459 1597 514; x_wconf 74' lang='lat' dir='ltr'>confictum</span> <span class='ocrx_word' id='word_1_49' title='bbox 1640 473 1731 504; x_wconf 86' lang='lat' dir='ltr'>esse</span> 
     </span>
     <span class='ocr_line' id='line_1_7' title="bbox 145 515 1612 573; baseline 0.001 -11"><span class='ocrx_word' id='word_1_50' title='bbox 145 518 446 562; x_wconf 88' lang='lat' dir='ltr'>drachumam</span> <span class='ocrx_word' id='word_1_51' title='bbox 475 526 514 573; x_wconf 81' lang='grc' dir='ltr'><strong>ψ</strong></span> <span class='ocrx_word' id='word_1_52' title='bbox 547 516 783 560; x_wconf 82' lang='lat' dir='ltr'>dracmam</span> <span class='ocrx_word' id='word_1_53' title='bbox 813 517 883 562; x_wconf 76' lang='lat' dir='ltr'>vel</span> <span class='ocrx_word' id='word_1_54' title='bbox 913 515 1155 573; x_wconf 85' lang='lat' dir='ltr'>dragmam</span> <span class='ocrx_word' id='word_1_55' title='bbox 1186 516 1318 561; x_wconf 82' lang='lat' dir='ltr'>Leid.</span> <span class='ocrx_word' id='word_1_56' title='bbox 1350 517 1421 561; x_wconf 82' lang='lat' dir='ltr'>B²</span> <span class='ocrx_word' id='word_1_57' title='bbox 1452 518 1612 563; x_wconf 52' lang='lat' dir='ltr'>Vina)</span> 
     </span>
    </p>
   </div>
   <div class='ocr_carea' id='block_1_3' title="bbox 143 626 1825 1045">
    <p class='ocr_par' dir='ltr' id='par_1_3' title="bbox 143 626 1825 1045">
     <span class='ocr_line' id='line_1_8' title="bbox 947 626 1027 674; baseline 0 0"><span class='ocrx_word' id='word_1_58' title='bbox 947 626 1027 674; x_wconf 91' lang='grc' dir='ltr'>ΠΙ</span> 
     </span>
     <span class='ocr_line' id='line_1_9' title="bbox 143 709 1825 780; baseline 0 -15"><span class='ocrx_word' id='word_1_59' title='bbox 143 711 293 765; x_wconf 72' lang='lat' dir='ltr'>More</span> <span class='ocrx_word' id='word_1_60' title='bbox 340 711 560 780; x_wconf 83' lang='lat' dir='ltr'>antiquo</span> <span class='ocrx_word' id='word_1_61' title='bbox 607 709 802 763; x_wconf 70' lang='lat' dir='ltr'>audibo</span> <span class='ocrx_word' id='word_1_62' title='bbox 849 713 1009 780; x_wconf 88' lang='lat' dir='ltr'>atque</span> <span class='ocrx_word' id='word_1_63' title='bbox 1056 710 1200 763; x_wconf 85' lang='lat' dir='ltr'>auris</span> <span class='ocrx_word' id='word_1_64' title='bbox 1237 709 1341 763; x_wconf 74' lang='lat' dir='ltr'>tibi</span> <span class='ocrx_word' id='word_1_65' title='bbox 1380 713 1565 764; x_wconf 87' lang='lat' dir='ltr'>contra</span> <span class='ocrx_word' id='word_1_66' title='bbox 1601 712 1825 765; x_wconf 70' lang='lat' dir='ltr'>utendas</span> 
     </span>
     <span class='ocr_line' id='line_1_10' title="bbox 1205 799 1358 853; baseline 0 -1"><span class='ocrx_word' id='word_1_67' title='bbox 1205 799 1358 853; x_wconf 88' lang='lat' dir='ltr'>dabo.</span> 
     </span>
     <span class='ocr_line' id='line_1_11' title="bbox 260 899 1822 957; baseline 0.001 -12"><span class='ocrx_word' id='word_1_68' title='bbox 260 901 379 946; x_wconf 89' lang='lat' dir='ltr'>Non.</span> <span class='ocrx_word' id='word_1_69' title='bbox 412 905 520 957; x_wconf 85' lang='grc'>506,</span> <span class='ocrx_word' id='word_1_70' title='bbox 548 905 570 943; x_wconf 98' lang='grc'>1</span> <span class='ocrx_word' id='word_1_71' title='bbox 607 899 843 944; x_wconf 84' lang='lat' dir='ltr'>‘audibo</span> <span class='ocrx_word' id='word_1_72' title='bbox 874 914 959 957; x_wconf 87' lang='lat' dir='ltr'>pro</span> <span class='ocrx_word' id='word_1_73' title='bbox 991 900 1194 946; x_wconf 89' lang='lat' dir='ltr'>audiam.</span> <span class='ocrx_word' id='word_1_74' title='bbox 1255 900 1432 945; x_wconf 84' lang='lat' dir='ltr'>Ennius</span> <span class='ocrx_word' id='word_1_75' title='bbox 1464 901 1715 946; x_wconf 85' lang='lat' dir='ltr'>Telemone</span> <span class='ocrx_word' id='word_1_76' title='bbox 1734 939 1742 946; x_wconf 91' lang='lat'><strong><em>.</em></strong></span> <span class='ocrx_word' id='word_1_77' title='bbox 1762 938 1770 946; x_wconf 96' lang='lat'><strong>.</strong></span> <span class='ocrx_word' id='word_1_78' title='bbox 1793 902 1822 946; x_wconf 90' lang='lat'>.’</span> 
     </span>
     <span class='ocr_line' id='line_1_12' title="bbox 261 989 1766 1045; baseline 0.001 -11"><span class='ocrx_word' id='word_1_79' title='bbox 261 991 403 1045; x_wconf 85' lang='lat' dir='ltr'>atque</span> <span class='ocrx_word' id='word_1_80' title='bbox 433 990 511 1034; x_wconf 87' lang='lat' dir='ltr'>Ba</span> <span class='ocrx_word' id='word_1_81' title='bbox 540 1001 692 1044; x_wconf 90' lang='lat' dir='ltr'>neque</span> <span class='ocrx_word' id='word_1_82' title='bbox 724 1006 759 1045; x_wconf 88' lang='grc' dir='ltr'><strong>φ</strong></span> <span class='ocrx_word' id='word_1_83' title='bbox 857 989 1058 1034; x_wconf 84' lang='lat' dir='ltr'>utendos</span> <span class='ocrx_word' id='word_1_84' title='bbox 1089 990 1168 1034; x_wconf 89' lang='lat' dir='ltr'>Ba</span> <span class='ocrx_word' id='word_1_85' title='bbox 1256 991 1309 1033; x_wconf 91' lang='lat' dir='ltr'>tu</span> <span class='ocrx_word' id='word_1_86' title='bbox 1339 989 1409 1034; x_wconf 91' lang='lat' dir='ltr'>ibi</span> <span class='ocrx_word' id='word_1_87' title='bbox 1440 1003 1477 1034; x_wconf 90' lang='lat' dir='ltr'>c.</span> <span class='ocrx_word' id='word_1_88' title='bbox 1510 1004 1555 1034; x_wconf 91' lang='lat' dir='ltr'>u.</span> <span class='ocrx_word' id='word_1_89' title='bbox 1589 990 1702 1035; x_wconf 86' lang='lat' dir='ltr'>dato</span> <span class='ocrx_word' id='word_1_90' title='bbox 1731 1005 1766 1035; x_wconf 77' lang='lat' dir='ltr'><strong><em>x</em></strong></span> 
     </span>
    </p>
   </div>
   <div class='ocr_carea' id='block_1_4' title="bbox 144 1099 1823 1255">
    <p class='ocr_par' dir='ltr' id='par_1_4' title="bbox 144 1099 1823 1255">
     <span class='ocr_line' id='line_1_13' title="bbox 945 1099 1018 1147; baseline 0 0"><span class='ocrx_word' id='word_1_91' title='bbox 945 1099 1018 1147; x_wconf 89' lang='lat' dir='ltr'>IV</span> 
     </span>
     <span class='ocr_line' id='line_1_14' title="bbox 144 1182 1823 1255; baseline 0.001 -18"><span class='ocrx_word' id='word_1_92' title='bbox 144 1183 330 1238; x_wconf 81' lang='lat' dir='ltr'>Scl‘bas</span> <span class='ocrx_word' id='word_1_93' title='bbox 353 1188 539 1237; x_wconf 88' lang='lat' dir='ltr'>natum</span> <span class='ocrx_word' id='word_1_94' title='bbox 555 1184 847 1255; x_wconf 75' lang='lat' dir='ltr'>ingenuum</span> <span class='ocrx_word' id='word_1_95' title='bbox 863 1182 1099 1254; x_wconf 83' lang='lat' dir='ltr'>Ajacem,</span> <span class='ocrx_word' id='word_1_96' title='bbox 1123 1184 1212 1237; x_wconf 78' lang='lat' dir='ltr'>cui</span> <span class='ocrx_word' id='word_1_97' title='bbox 1225 1188 1287 1238; x_wconf 86' lang='lat' dir='ltr'>tu</span> <span class='ocrx_word' id='word_1_98' title='bbox 1305 1184 1638 1238; x_wconf 74' lang='lat' dir='ltr'>obsidionem</span> <span class='ocrx_word' id='word_1_99' title='bbox 1653 1203 1823 1254; x_wconf 78' lang='lat' dir='ltr'>paras,</span> 
     </span>
    </p>
   </div>
   <div class='ocr_carea' id='block_1_5' title="bbox 142 1284 1824 1516">
    <p class='ocr_par' dir='ltr' id='par_1_5' title="bbox 142 1284 1824 1516">
     <span class='ocr_line' id='line_1_15' title="bbox 259 1284 1824 1343; baseline 0.001 -15"><span class='ocrx_word' id='word_1_100' title='bbox 259 1285 424 1329; x_wconf 84' lang='lat' dir='ltr'>Festus</span> <span class='ocrx_word' id='word_1_101' title='bbox 461 1301 507 1342; x_wconf 89' lang='lat' dir='ltr'>p.</span> <span class='ocrx_word' id='word_1_102' title='bbox 542 1289 626 1330; x_wconf 89' lang='grc'>198</span> <span class='ocrx_word' id='word_1_103' title='bbox 657 1285 719 1330; x_wconf 87' lang='grc' dir='ltr'>Μ.</span> <span class='ocrx_word' id='word_1_104' title='bbox 785 1284 1172 1329; x_wconf 79' lang='lat' dir='ltr'>‘obsidionem</span> <span class='ocrx_word' id='word_1_105' title='bbox 1220 1285 1378 1343; x_wconf 86' lang='lat' dir='ltr'>potius</span> <span class='ocrx_word' id='word_1_106' title='bbox 1427 1285 1675 1331; x_wconf 87' lang='lat' dir='ltr'>dicendum</span> <span class='ocrx_word' id='word_1_107' title='bbox 1722 1300 1824 1331; x_wconf 81' lang='lat' dir='ltr'>esse</span> 
     </span>
     <span class='ocr_line' id='line_1_16' title="bbox 142 1343 1823 1400; baseline 0.001 -12"><span class='ocrx_word' id='word_1_108' title='bbox 142 1358 283 1400; x_wconf 90' lang='lat' dir='ltr'>quam</span> <span class='ocrx_word' id='word_1_109' title='bbox 320 1343 555 1388; x_wconf 79' lang='lat' dir='ltr'>obsidium</span> <span class='ocrx_word' id='word_1_110' title='bbox 593 1344 791 1389; x_wconf 84' lang='lat' dir='ltr'>adiuuat</span> <span class='ocrx_word' id='word_1_111' title='bbox 828 1358 914 1389; x_wconf 83' lang='lat' dir='ltr'>nos</span> <span class='ocrx_word' id='word_1_112' title='bbox 953 1344 1225 1389; x_wconf 85' lang='lat' dir='ltr'>testimonio</span> <span class='ocrx_word' id='word_1_113' title='bbox 1264 1359 1348 1390; x_wconf 83' lang='lat' dir='ltr'>suo</span> <span class='ocrx_word' id='word_1_114' title='bbox 1387 1345 1566 1390; x_wconf 83' lang='lat' dir='ltr'>Ennius</span> <span class='ocrx_word' id='word_1_115' title='bbox 1606 1345 1657 1389; x_wconf 91' lang='lat' dir='ltr'>in</span> <span class='ocrx_word' id='word_1_116' title='bbox 1687 1345 1823 1390; x_wconf 87' lang='lat' dir='ltr'>Tela-</span> 
     </span>
     <span class='ocr_line' id='line_1_17' title="bbox 142 1403 1002 1516; baseline 0.001 -68"><span class='ocrx_word' id='word_1_117' title='bbox 142 1418 279 1448; x_wconf 87' lang='lat' dir='ltr'>mone</span> <span class='ocrx_word' id='word_1_118' title='bbox 311 1418 452 1460; x_wconf 91' lang='lat' dir='ltr'>quom</span> <span class='ocrx_word' id='word_1_119' title='bbox 483 1403 553 1448; x_wconf 89' lang='lat' dir='ltr'>ait</span> <span class='ocrx_word' id='word_1_120' title='bbox 579 1441 587 1448; x_wconf 96' lang='lat'>.</span> <span class='ocrx_word' id='word_1_121' title='bbox 609 1441 618 1448; x_wconf 93' lang='lat'><em>.</em></span> <span class='ocrx_word' id='word_1_122' title='bbox 639 1405 667 1450; x_wconf 87' lang='lat'>.’</span> <span class='ocrx_word' id='word_1_123' title='bbox 956 1469 1002 1516; x_wconf 83' lang='lat' dir='ltr'><strong>V</strong></span> 
     </span>
    </p>
   </div>
   <div class='ocr_carea' id='block_1_6' title="bbox 55 1546 1827 1801">
    <p class='ocr_par' dir='ltr' id='par_1_6' title="bbox 55 1546 1827 1801">
     <span class='ocr_line' id='line_1_18' title="bbox 140 1546 1827 1625; baseline -0.001 -17"><span class='ocrx_word' id='word_1_124' title='bbox 140 1554 281 1608; x_wconf 88' lang='lat' dir='ltr'>Nam</span> <span class='ocrx_word' id='word_1_125' title='bbox 327 1554 406 1607; x_wconf 77' lang='lat' dir='ltr'>1&#39;ta</span> <span class='ocrx_word' id='word_1_126' title='bbox 450 1546 586 1608; x_wconf 79' lang='lat' dir='ltr'>m&#39;ihj</span> <span class='ocrx_word' id='word_1_127' title='bbox 625 1553 930 1607; x_wconf 71' lang='lat' dir='ltr'>Telamonis</span> <span class='ocrx_word' id='word_1_128' title='bbox 973 1554 1142 1624; x_wconf 85' lang='lat' dir='ltr'>patris</span> <span class='ocrx_word' id='word_1_129' title='bbox 1150 1597 1165 1625; x_wconf 86' lang='lat'>‚</span> <span class='ocrx_word' id='word_1_130' title='bbox 1211 1554 1300 1607; x_wconf 87' lang='lat' dir='ltr'>aui</span> <span class='ocrx_word' id='word_1_131' title='bbox 1337 1552 1501 1607; x_wconf 72' lang='lat' dir='ltr'>Aeaci</span> <span class='ocrx_word' id='word_1_132' title='bbox 1541 1557 1594 1607; x_wconf 84' lang='lat' dir='ltr'>et</span> <span class='ocrx_word' id='word_1_133' title='bbox 1630 1554 1827 1624; x_wconf 78' lang='lat' dir='ltr'>proaui</span> 
     </span>
     <span class='ocr_line' id='line_1_19' title="bbox 1203 1641 1351 1696; baseline 0 -1"><span class='ocrx_word' id='word_1_134' title='bbox 1203 1641 1351 1696; x_wconf 84' lang='lat' dir='ltr'>Iouis</span> 
     </span>
     <span class='ocr_line' id='line_1_20' title="bbox 55 1729 1822 1801; baseline -0.002 -13"><span class='ocrx_word' id='word_1_135' title='bbox 55 1748 140 1788; x_wconf 82' lang='lat'>280</span> <span class='ocrx_word' id='word_1_136' title='bbox 159 1729 343 1784; x_wconf 74' lang='lat' dir='ltr'>Gratia</span> <span class='ocrx_word' id='word_1_137' title='bbox 388 1735 553 1785; x_wconf 83' lang='lat' dir='ltr'>ecstet</span> <span class='ocrx_word' id='word_1_138' title='bbox 599 1732 760 1801; x_wconf 73' lang='lat' dir='ltr'>atque</span> <span class='ocrx_word' id='word_1_139' title='bbox 801 1731 904 1784; x_wconf 90' lang='lat' dir='ltr'>hoc</span> <span class='ocrx_word' id='word_1_140' title='bbox 941 1731 1125 1784; x_wconf 85' lang='lat' dir='ltr'>lumen</span> <span class='ocrx_word' id='word_1_141' title='bbox 1162 1731 1446 1784; x_wconf 74' lang='lat' dir='ltr'>candidum</span> <span class='ocrx_word' id='word_1_142' title='bbox 1485 1732 1651 1785; x_wconf 74' lang='lat' dir='ltr'>claret</span> <span class='ocrx_word' id='word_1_143' title='bbox 1686 1732 1822 1784; x_wconf 86' lang='lat' dir='ltr'>mihi</span> 
     </span>
    </p>
   </div>
   <div class='ocr_carea' id='block_1_7' title="bbox 258 1831 1788 1890">
    <p class='ocr_par' dir='ltr' id='par_1_7' title="bbox 258 1831 1788 1890">
     <span class='ocr_line' id='line_1_21' title="bbox 258 1831 1788 1890; baseline 0.001 -13"><span class='ocrx_word' id='word_1_144' title='bbox 258 1833 378 1878; x_wconf 87' lang='lat' dir='ltr'>Non.</span> <span class='ocrx_word' id='word_1_145' title='bbox 412 1836 484 1888; x_wconf 84' lang='lat'>85,</span> <span class='ocrx_word' id='word_1_146' title='bbox 509 1837 564 1876; x_wconf 80' lang='lat'>23</span> <span class='ocrx_word' id='word_1_147' title='bbox 600 1832 831 1889; x_wconf 82' lang='lat' dir='ltr'>‘claret,</span> <span class='ocrx_word' id='word_1_148' title='bbox 864 1831 993 1876; x_wconf 89' lang='lat' dir='ltr'>clara</span> <span class='ocrx_word' id='word_1_149' title='bbox 1023 1833 1135 1877; x_wconf 80' lang='lat' dir='ltr'>est&#39;</span> <span class='ocrx_word' id='word_1_150' title='bbox 1169 1831 1251 1890; x_wconf 83' lang='lat' dir='ltr'>(sit</span> <span class='ocrx_word' id='word_1_151' title='bbox 1280 1835 1329 1890; x_wconf 72' lang='grc' dir='ltr'>ω)</span> <span class='ocrx_word' id='word_1_152' title='bbox 1364 1832 1466 1876; x_wconf 80' lang='lat' dir='ltr'>‘uel</span> <span class='ocrx_word' id='word_1_153' title='bbox 1498 1833 1675 1877; x_wconf 86' lang='lat' dir='ltr'>clareat</span> <span class='ocrx_word' id='word_1_154' title='bbox 1699 1869 1708 1878; x_wconf 93' lang='lat'><strong><em>.</em></strong></span> <span class='ocrx_word' id='word_1_155' title='bbox 1730 1869 1738 1878; x_wconf 88' lang='lat'><strong>.</strong></span> <span class='ocrx_word' id='word_1_156' title='bbox 1759 1833 1788 1878; x_wconf 94' lang='lat'>.’</span> 
     </span>
    </p>
   </div>
   <div class='ocr_carea' id='block_1_8' title="bbox 141 1920 1823 2216">
    <p class='ocr_par' dir='ltr' id='par_1_8' title="bbox 141 1920 1823 2086">
     <span class='ocr_line' id='line_1_22' title="bbox 262 1920 1823 1979; baseline 0.001 -15"><span class='ocrx_word' id='word_1_157' title='bbox 262 1926 283 1964; x_wconf 95' lang='lat'>1</span> <span class='ocrx_word' id='word_1_158' title='bbox 319 1921 398 1965; x_wconf 86' lang='lat' dir='ltr'>aui</span> <span class='ocrx_word' id='word_1_159' title='bbox 435 1921 580 1966; x_wconf 88' lang='lat' dir='ltr'>Aeaci</span> <span class='ocrx_word' id='word_1_160' title='bbox 616 1922 846 1979; x_wconf 77' lang='lat' dir='ltr'>Bequius</span> <span class='ocrx_word' id='word_1_161' title='bbox 882 1920 1122 1977; x_wconf 87' lang='lat' dir='ltr'>atquefaci</span> <span class='ocrx_word' id='word_1_162' title='bbox 1152 1938 1188 1965; x_wconf 88' lang='grc' dir='ltr'><strong><em>ω</em></strong></span> <span class='ocrx_word' id='word_1_163' title='bbox 1231 1923 1374 1977; x_wconf 80' lang='lat' dir='ltr'>atque</span> <span class='ocrx_word' id='word_1_164' title='bbox 1412 1921 1557 1965; x_wconf 90' lang='lat' dir='ltr'>Aeaci</span> <span class='ocrx_word' id='word_1_165' title='bbox 1594 1922 1823 1966; x_wconf 77' lang='lat' dir='ltr'>Vahlenus</span> 
     </span>
     <span class='ocr_line' id='line_1_23' title="bbox 141 1980 1821 2038; baseline -0.001 -14"><span class='ocrx_word' id='word_1_166' title='bbox 141 1982 270 2025; x_wconf 83' lang='lat' dir='ltr'>acad.</span> <span class='ocrx_word' id='word_1_167' title='bbox 295 1982 446 2026; x_wconf 79' lang='lat' dir='ltr'>Berol.</span> <span class='ocrx_word' id='word_1_168' title='bbox 471 1983 550 2026; x_wconf 80' lang='lat' dir='ltr'>rel.</span> <span class='ocrx_word' id='word_1_169' title='bbox 578 1985 692 2026; x_wconf 87' lang='lat'>1888</span> <span class='ocrx_word' id='word_1_170' title='bbox 709 1995 758 2038; x_wconf 79' lang='lat' dir='ltr'>p.</span> <span class='ocrx_word' id='word_1_171' title='bbox 784 1985 839 2024; x_wconf 83' lang='lat'>32</span> <span class='ocrx_word' id='word_1_172' title='bbox 856 1994 948 2038; x_wconf 77' lang='lat' dir='ltr'><strong><em>sqq.</em></strong></span> <span class='ocrx_word' id='word_1_173' title='bbox 1040 1985 1066 2024; x_wconf 82' lang='lat'>2</span> <span class='ocrx_word' id='word_1_174' title='bbox 1092 1982 1241 2024; x_wconf 82' lang='lat' dir='ltr'>ecstet</span> <span class='ocrx_word' id='word_1_175' title='bbox 1262 1982 1426 2038; x_wconf 77' lang='lat' dir='ltr'>scripsi</span> <span class='ocrx_word' id='word_1_176' title='bbox 1449 1981 1616 2038; x_wconf 83' lang='lat' dir='ltr'>(coroll.</span> <span class='ocrx_word' id='word_1_177' title='bbox 1633 1980 1821 2037; x_wconf 87' lang='lat' dir='ltr'><strong>XXXII)</strong></span> 
     </span>
     <span class='ocr_line' id='line_1_24' title="bbox 143 2039 1821 2086; baseline 0.001 -4"><span class='ocrx_word' id='word_1_178' title='bbox 143 2052 198 2083; x_wconf 89' lang='lat' dir='ltr'>ea</span> <span class='ocrx_word' id='word_1_179' title='bbox 236 2042 308 2084; x_wconf 81' lang='lat' dir='ltr'>est</span> <span class='ocrx_word' id='word_1_180' title='bbox 338 2057 373 2084; x_wconf 86' lang='grc' dir='ltr'><strong><em>ω</em></strong></span> <span class='ocrx_word' id='word_1_181' title='bbox 413 2039 539 2085; x_wconf 79' lang='lat' dir='ltr'>adsit</span> <span class='ocrx_word' id='word_1_182' title='bbox 574 2041 644 2086; x_wconf 84' lang='lat' dir='ltr'>vel</span> <span class='ocrx_word' id='word_1_183' title='bbox 675 2041 801 2084; x_wconf 82' lang='lat' dir='ltr'>astet</span> <span class='ocrx_word' id='word_1_184' title='bbox 829 2040 934 2084; x_wconf 79' lang='lat' dir='ltr'>Bue</span> <span class='ocrx_word' id='word_1_185' title='bbox 964 2052 1064 2083; x_wconf 83' lang='lat' dir='ltr'>esse</span> <span class='ocrx_word' id='word_1_186' title='bbox 1097 2042 1170 2083; x_wconf 86' lang='lat' dir='ltr'>est</span> <span class='ocrx_word' id='word_1_187' title='bbox 1209 2040 1438 2084; x_wconf 75' lang='lat' dir='ltr'>Vahlenus</span> <span class='ocrx_word' id='word_1_188' title='bbox 1468 2041 1581 2084; x_wconf 70' lang='lat' dir='ltr'>mia-o</span> <span class='ocrx_word' id='word_1_189' title='bbox 1613 2042 1821 2084; x_wconf 73' lang='lat' dir='ltr'>acwmine</span> 
     </span>
    </p>

    <p class='ocr_par' dir='ltr' id='par_1_9' title="bbox 145 2098 1822 2216">
     <span class='ocr_line' id='line_1_25' title="bbox 227 2098 1822 2158; baseline 0.001 -16"><span class='ocrx_word' id='word_1_190' title='bbox 227 2098 345 2142; x_wconf 86' lang='lat' dir='ltr'>mihi</span> <span class='ocrx_word' id='word_1_191' title='bbox 369 2098 546 2143; x_wconf 75' lang='lat' dir='ltr'>clareat</span> <span class='ocrx_word' id='word_1_192' title='bbox 572 2099 746 2144; x_wconf 72' lang='lat' dir='ltr'>Onions</span> <span class='ocrx_word' id='word_1_193' title='bbox 829 2100 1098 2144; x_wconf 75' lang='lat' dir='ltr'>sententiam</span> <span class='ocrx_word' id='word_1_194' title='bbox 1121 2100 1329 2158; x_wconf 71' lang='lat' dir='ltr'>intelleqo</span> <span class='ocrx_word' id='word_1_195' title='bbox 1352 2100 1492 2144; x_wconf 75' lang='lat' dir='ltr'>hanc.-</span> <span class='ocrx_word' id='word_1_196' title='bbox 1515 2100 1583 2143; x_wconf 79' lang='lat' dir='ltr'>ita</span> <span class='ocrx_word' id='word_1_197' title='bbox 1605 2099 1717 2143; x_wconf 70' lang='lat' dir='ltr'>mihi</span> <span class='ocrx_word' id='word_1_198' title='bbox 1740 2100 1822 2143; x_wconf 83' lang='lat' dir='ltr'>hoc</span> 
     </span>
     <span class='ocr_line' id='line_1_26' title="bbox 145 2157 1746 2216; baseline -0.001 -15"><span class='ocrx_word' id='word_1_199' title='bbox 145 2158 294 2203; x_wconf 75' lang='lat' dir='ltr'>lumen</span> <span class='ocrx_word' id='word_1_200' title='bbox 324 2165 441 2205; x_wconf 79' lang='lat' dir='ltr'>extet</span> <span class='ocrx_word' id='word_1_201' title='bbox 471 2164 604 2216; x_wconf 79' lang='lat' dir='ltr'>atque</span> <span class='ocrx_word' id='word_1_202' title='bbox 634 2160 804 2204; x_wconf 77' lang='lat' dir='ltr'>cloereat</span> <span class='ocrx_word' id='word_1_203' title='bbox 833 2159 987 2216; x_wconf 75' lang='lat' dir='ltr'>qratia</span> <span class='ocrx_word' id='word_1_204' title='bbox 1016 2159 1252 2204; x_wconf 77' lang='lat' dir='ltr'>maiorum.</span> <span class='ocrx_word' id='word_1_205' title='bbox 1314 2159 1373 2214; x_wconf 81' lang='lat' dir='ltr'>cf.</span> <span class='ocrx_word' id='word_1_206' title='bbox 1406 2172 1492 2204; x_wconf 85' lang='lat' dir='ltr'>cor.</span> <span class='ocrx_word' id='word_1_207' title='bbox 1527 2171 1634 2203; x_wconf 86' lang='lat' dir='ltr'>com.</span> <span class='ocrx_word' id='word_1_208' title='bbox 1669 2157 1746 2201; x_wconf 90' lang='lat' dir='ltr'>CX</span> 
     </span>
    </p>
   </div>
   <div class='ocr_carea' id='block_1_9' title="bbox 945 2267 1017 2316">
    <p class='ocr_par' dir='ltr' id='par_1_10' title="bbox 945 2267 1017 2316">
     <span class='ocr_line' id='line_1_27' title="bbox 945 2267 1017 2316; baseline 0 0"><span class='ocrx_word' id='word_1_209' title='bbox 945 2267 1017 2316; x_wconf 83' lang='lat' dir='ltr'>VI</span> 
     </span>
    </p>
   </div>
   <div class='ocr_carea' id='block_1_10' title="bbox 141 2350 1711 2421">
    <p class='ocr_par' dir='ltr' id='par_1_11' title="bbox 141 2350 1711 2421">
     <span class='ocr_line' id='line_1_28' title="bbox 141 2350 1711 2421; baseline 0 -17"><span class='ocrx_word' id='word_1_210' title='bbox 141 2350 380 2405; x_wconf 71' lang='lat' dir='ltr'>Eandem</span> <span class='ocrx_word' id='word_1_211' title='bbox 417 2370 503 2406; x_wconf 90' lang='lat' dir='ltr'>me</span> <span class='ocrx_word' id='word_1_212' title='bbox 542 2353 599 2405; x_wconf 85' lang='lat' dir='ltr'>in</span> <span class='ocrx_word' id='word_1_213' title='bbox 637 2352 994 2421; x_wconf 73' lang='lat' dir='ltr'>suspicionem</span> <span class='ocrx_word' id='word_1_214' title='bbox 1033 2351 1246 2404; x_wconf 74' lang='lat' dir='ltr'>sceleris</span> <span class='ocrx_word' id='word_1_215' title='bbox 1282 2351 1510 2421; x_wconf 77' lang='lat' dir='ltr'>partim&#39;t</span> <span class='ocrx_word' id='word_1_216' title='bbox 1546 2355 1711 2421; x_wconf 85' lang='lat' dir='ltr'>pater.</span> 
     </span>
    </p>
   </div>
   <div class='ocr_carea' id='block_1_11' title="bbox 259 2444 1419 2584">
    <p class='ocr_par' dir='ltr' id='par_1_12' title="bbox 259 2444 1419 2584">
     <span class='ocr_line' id='line_1_29' title="bbox 260 2444 1419 2503; baseline 0.002 -15"><span class='ocrx_word' id='word_1_217' title='bbox 260 2445 380 2489; x_wconf 89' lang='lat' dir='ltr'>Non.</span> <span class='ocrx_word' id='word_1_218' title='bbox 413 2450 514 2502; x_wconf 71' lang='lat'>475,</span> <span class='ocrx_word' id='word_1_219' title='bbox 540 2451 596 2490; x_wconf 82' lang='lat'>25</span> <span class='ocrx_word' id='word_1_220' title='bbox 631 2445 907 2503; x_wconf 79' lang='lat' dir='ltr'>‘partiret</span> <span class='ocrx_word' id='word_1_221' title='bbox 934 2459 1019 2502; x_wconf 85' lang='lat' dir='ltr'>pro</span> <span class='ocrx_word' id='word_1_222' title='bbox 1050 2444 1306 2502; x_wconf 73' lang='lat' dir='ltr'>partiretur</span> <span class='ocrx_word' id='word_1_223' title='bbox 1332 2480 1369 2490; x_wconf 89' lang='lat'>..</span> <span class='ocrx_word' id='word_1_224' title='bbox 1389 2445 1419 2489; x_wconf 89' lang='lat'>.’</span> 
     </span>
     <span class='ocr_line' id='line_1_30' title="bbox 259 2520 1128 2584; baseline 0.002 -15"><span class='ocrx_word' id='word_1_225' title='bbox 259 2525 310 2569; x_wconf 86' lang='lat' dir='ltr'>in</span> <span class='ocrx_word' id='word_1_226' title='bbox 339 2540 412 2570; x_wconf 90' lang='lat' dir='ltr'>me</span> <span class='ocrx_word' id='word_1_227' title='bbox 443 2527 603 2572; x_wconf 80' lang='lat' dir='ltr'>Delrio</span> <span class='ocrx_word' id='word_1_228' title='bbox 633 2540 722 2584; x_wconf 89' lang='lat' dir='ltr'>me,</span> <span class='ocrx_word' id='word_1_229' title='bbox 753 2540 836 2572; x_wconf 87' lang='lat' dir='ltr'>om.</span> <span class='ocrx_word' id='word_1_230' title='bbox 869 2526 933 2584; x_wconf 89' lang='lat' dir='ltr'>in,</span> <span class='ocrx_word' id='word_1_231' title='bbox 965 2527 1022 2571; x_wconf 84' lang='lat' dir='ltr'><em>H</em></span> <span class='ocrx_word' id='word_1_232' title='bbox 1031 2527 1046 2552; x_wconf 84' lang='lat'>¹</span> <span class='ocrx_word' id='word_1_233' title='bbox 1126 2520 1128 2523; x_wconf 59' lang='grc'><strong>’</strong></span> 
     </span>
    </p>
   </div>
   <div class='ocr_carea' id='block_1_12' title="bbox 932 2637 1030 2685">
    <p class='ocr_par' dir='ltr' id='par_1_13' title="bbox 932 2637 1030 2685">
     <span class='ocr_line' id='line_1_31' title="bbox 932 2637 1030 2685; baseline 0 0"><span class='ocrx_word' id='word_1_234' title='bbox 932 2637 1030 2685; x_wconf 87' lang='lat' dir='ltr'>VH</span> 
     </span>
    </p>
   </div>
   <div class='ocr_carea' id='block_1_13' title="bbox 141 2718 1764 2790">
    <p class='ocr_par' dir='ltr' id='par_1_14' title="bbox 141 2718 1764 2790">
     <span class='ocr_line' id='line_1_32' title="bbox 141 2718 1764 2790; baseline -0.001 -19"><span class='ocrx_word' id='word_1_235' title='bbox 141 2718 315 2772; x_wconf 74' lang='lat' dir='ltr'>Deum</span> <span class='ocrx_word' id='word_1_236' title='bbox 353 2738 437 2773; x_wconf 88' lang='lat' dir='ltr'>me</span> <span class='ocrx_word' id='word_1_237' title='bbox 477 2721 641 2773; x_wconf 83' lang='lat' dir='ltr'>sentit</span> <span class='ocrx_word' id='word_1_238' title='bbox 676 2721 851 2773; x_wconf 72' lang='lat' dir='ltr'>facere</span> <span class='ocrx_word' id='word_1_239' title='bbox 887 2721 1058 2790; x_wconf 84' lang='lat' dir='ltr'>pietas</span> <span class='ocrx_word' id='word_1_240' title='bbox 1066 2762 1081 2789; x_wconf 86' lang='lat'><em>‚</em></span> <span class='ocrx_word' id='word_1_241' title='bbox 1119 2720 1319 2772; x_wconf 73' lang='lat' dir='ltr'>ciuium</span> <span class='ocrx_word' id='word_1_242' title='bbox 1356 2719 1542 2788; x_wconf 75' lang='lat' dir='ltr'>porcet</span> <span class='ocrx_word' id='word_1_243' title='bbox 1578 2718 1764 2786; x_wconf 85' lang='lat' dir='ltr'>pudor.</span> 
     </span>
    </p>
   </div>
   <div class='ocr_carea' id='block_1_14' title="bbox 260 2812 1819 2950">
    <p class='ocr_par' dir='ltr' id='par_1_15' title="bbox 260 2812 1819 2950">
     <span class='ocr_line' id='line_1_33' title="bbox 260 2812 1446 2870; baseline -0.001 -14"><span class='ocrx_word' id='word_1_244' title='bbox 260 2813 378 2856; x_wconf 89' lang='lat' dir='ltr'>Non.</span> <span class='ocrx_word' id='word_1_245' title='bbox 415 2818 513 2868; x_wconf 84' lang='lat'>160,</span> <span class='ocrx_word' id='word_1_246' title='bbox 537 2819 564 2857; x_wconf 84' lang='lat'>4</span> <span class='ocrx_word' id='word_1_247' title='bbox 600 2814 823 2870; x_wconf 74' lang='lat' dir='ltr'>‘poi-cet</span> <span class='ocrx_word' id='word_1_248' title='bbox 853 2812 1088 2870; x_wconf 85' lang='lat' dir='ltr'>significat</span> <span class='ocrx_word' id='word_1_249' title='bbox 1116 2812 1334 2869; x_wconf 83' lang='lat' dir='ltr'>prohibet</span> <span class='ocrx_word' id='word_1_250' title='bbox 1359 2847 1367 2855; x_wconf 94' lang='lat'>.</span> <span class='ocrx_word' id='word_1_251' title='bbox 1388 2848 1396 2855; x_wconf 95' lang='lat'><strong><em>.</em></strong></span> <span class='ocrx_word' id='word_1_252' title='bbox 1418 2812 1446 2855; x_wconf 89' lang='lat'>.&#39;</span> 
     </span>
     <span class='ocr_line' id='line_1_34' title="bbox 265 2887 1819 2950; baseline 0.001 -15"><span class='ocrx_word' id='word_1_253' title='bbox 265 2893 408 2937; x_wconf 78' lang='lat' dir='ltr'>sentit</span> <span class='ocrx_word' id='word_1_254' title='bbox 431 2911 481 2950; x_wconf 87' lang='grc' dir='ltr'>ω,</span> <span class='ocrx_word' id='word_1_255' title='bbox 505 2899 655 2939; x_wconf 82' lang='lat' dir='ltr'>tuetur</span> <span class='ocrx_word' id='word_1_256' title='bbox 675 2895 902 2939; x_wconf 75' lang='lat' dir='ltr'>Vahlenus</span> <span class='ocrx_word' id='word_1_257' title='bbox 917 2894 1072 2939; x_wconf 78' lang='lat' dir='ltr'>Herm.</span> <span class='ocrx_word' id='word_1_258' title='bbox 1094 2899 1163 2950; x_wconf 81' lang='lat'>15,</span> <span class='ocrx_word' id='word_1_259' title='bbox 1180 2887 1280 2948; x_wconf 83' lang='grc'>260,</span> <span class='ocrx_word' id='word_1_260' title='bbox 1305 2906 1430 2950; x_wconf 79' lang='lat' dir='ltr'>quem</span> <span class='ocrx_word' id='word_1_261' title='bbox 1454 2893 1636 2938; x_wconf 74' lang='lat' dir='ltr'>interim</span> <span class='ocrx_word' id='word_1_262' title='bbox 1659 2905 1819 2950; x_wconf 80' lang='lat' dir='ltr'>sequor</span> 
     </span>
    </p>
   </div>
  </div>
 </body>
</html>
