2010 3146
172 96 205 148 6
695 95 894 140 LIVIVS
925 95 1315 142 ANDRONTGVS

970 235 1043 282 VI

166 319 384 389 Mulier,
424 319 665 388 quisquis
705 320 781 388 ἐς,
820 321 873 371 te
912 319 1175 372 uolumus,

284 419 402 463 Non.
445 423 549 476 197,
585 424 638 464 31
699 419 845 462 ‘cuis
898 421 945 464 et
991 420 1151 477 generi
1196 419 1420 465 feminino
1467 421 1664 466 attribui
1708 437 1844 480 posse

165 480 376 522 ueterum
408 477 667 522 auctoritas
700 478 885 523 uoluit.'

955 575 1053 623 VII

167 657 282 720 Qu6
325 656 554 710 Castalia
591 659 687 726 per
725 658 947 712 struices
986 660 1170 712 saxeas
1208 660 1362 729 lapsu
1400 660 1594 712 accidit

280 758 402 804 Fest.
434 774 478 815 p.
505 764 590 803 310
614 760 676 806 M.
727 760 1001 805 ‘struices
1044 760 1227 816 antiqui
1268 760 1488 804 dicebant
1528 761 1843 806 extructiones

166 816 372 861 omnium
401 820 590 862 rerum.’

939 900 1064 948 VIII

166 989 334 1053 Quem
374 1009 471 1062 ego
510 992 820 1044 nefrendem
859 993 968 1044 alui
1006 992 1231 1045 lacteam
1270 992 1571 1063 inmulgens
1611 1011 1766 1063 opem

279 1106 417 1150 Pauli
454 1107 619 1151 Festus
650 1122 694 1164 p.
730 1112 814 1151 163
839 1108 899 1152 Μ.
945 1107 1048 1152 ‘alii
1087 1107 1250 1151 dicunt
1288 1107 1598 1152 nefrendes
1638 1108 1842 1154 infantes

164 1178 264 1208 esse
294 1166 502 1210 nondum
531 1166 820 1223 frendentes,
853 1167 903 1210 id
928 1170 1000 1211 est
1023 1167 1304 1224 frangentes.
1356 1166 1545 1211 Liuius.
1567 1204 1575 1211 .
1597 1169 1626 1212 .’
1677 1168 1842 1213 Festus

161 1239 205 1280 p.
234 1229 316 1267 162
342 1226 403 1270 M.
455 1227 546 1271 ‘...
571 1225 619 1268 ri
659 1239 819 1281 quem
858 1240 959 1284 ego
991 1234 1019 1270 fi
1044 1262 1411 1272 .............
1438 1241 1458 1270 s
1491 1229 1684 1283 opem.'
1751 1227 1843 1272 Ob-

164 1283 452 1328 scurissimas
502 1284 757 1342 scripturae
796 1285 1019 1341 reliquias
1059 1285 1287 1329 Thewrek
1326 1286 1383 1330 de
1421 1285 1574 1330 Ponor
1615 1287 1843 1343 expressit

166 1343 222 1385 ‘t.
263 1356 400 1398 quem
439 1356 525 1400 ego
557 1347 615 1388 ii’
652 1357 689 1388 e.
724 1359 767 1400 q.
801 1359 835 1388 s.
883 1344 941 1390 cf.
980 1343 1299 1389 Reitzenstein
1329 1344 1507 1388 Verrin.
1548 1345 1736 1392 Forsch.
1771 1351 1842 1391 91.

162 1401 296 1447 Thes.
335 1416 439 1446 nov.
472 1402 554 1449 lat.
587 1403 638 1447 in
667 1403 764 1447 Mai
796 1406 917 1449 auct.
952 1403 1085 1448 class.
1112 1404 1220 1447 VIII
1249 1419 1294 1460 p.
1321 1408 1405 1448 378
1425 1418 1490 1459 sq.
1537 1404 1640 1448 ‘alii
1681 1407 1841 1450 autem

163 1459 324 1504 dicunt
353 1461 655 1507 nefrendes
687 1462 905 1519 infantes,
938 1462 1074 1519 quasi
1099 1463 1308 1507 nondum
1330 1462 1596 1507 frendentes
1717 1466 1840 1509 unde

160 1519 431 1566 Naeuius:
457 1523 686 1577 quem...’
708 1535 744 1567 e.
763 1536 806 1578 q.
827 1537 862 1566 s.
899 1522 1029 1566 Idem
1052 1538 1096 1579 p.
1116 1526 1202 1566 214
1231 1521 1334 1565 ‘hic
1357 1521 1609 1579 nefrens‚
1637 1523 1723 1579 dis,
1749 1523 1778 1568 i.
1799 1538 1838 1570 e.

160 1577 313 1622 infans
339 1580 474 1635 quasi
496 1581 703 1625 nondum
726 1581 942 1625 frendens
960 1617 971 1627 .
991 1617 1001 1627 .
1021 1616 1030 1626 .
1048 1581 1171 1625 unde
1188 1580 1407 1626 Liuius:
1433 1595 1571 1637 quem
1591 1618 1598 1625 .
1618 1619 1625 1626 .
1645 1583 1673 1626 .'
1695 1596 1731 1626 e.
1748 1598 1791 1639 q.
1805 1598 1839 1629 s,

162 1636 226 1681 Cf.
258 1638 476 1683 Placidus
508 1639 683 1684 OG1.V
707 1645 777 1697 33,
802 1646 857 1684 39
893 1640 1178 1684 ‘nestedem’
1214 1654 1251 1684 e.
1285 1655 1327 1695 q.
1362 1655 1395 1684 S.

277 1742 350 1786 De
379 1756 438 1786 ne
462 1745 700 1800 particula
730 1745 782 1788 in
810 1745 1021 1802 symbolis
1041 1745 1349 1802 yrammaticc's
1371 1744 1605 1803 (Beitrc'iye
1628 1758 1666 1789 z.
1692 1746 1837 1791 Lehre

159 1812 246 1843 von
290 1802 332 1845 d.
380 1803 533 1847 latein.
580 1803 833 1859 Partikeln)
873 1819 920 1860 p.
957 1808 1010 1846 12
1035 1817 1096 1860 sq.
1147 1807 1203 1847 46
1227 1817 1289 1860 sq.
1339 1804 1546 1848 disserui.
1625 1803 1840 1850 Fortasse

159 1861 439 1915 septenarius
476 1863 591 1916 fuit:
629 1876 767 1917 quem
805 1863 890 1918 ego
929 1862 1198 1906 nefrendem
1230 1860 1328 1905 alui
1361 1861 1631 1922 (educ-aui>
1664 1863 1694 1907 l.
1727 1863 1757 1907 i.
1793 1878 1833 1908 0.

963 2003 1035 2050 IX

1069 2071 1254 2123 dusmo
1293 2069 1352 2123 in
1389 2070 1506 2123 loco

277 2168 413 2212 Pauli
450 2169 614 2214 Festus
648 2187 693 2228 p.
719 2176 775 2215 67
806 2172 867 2216 M.
934 2172 1153 2216 ‘dusmo
1201 2172 1258 2215 in
1305 2171 1432 2215 loco
1480 2171 1606 2228 apud
1651 2171 1837 2215 Liuium

163 2224 395 2282 significat
433 2228 678 2274 dumosum
715 2230 891 2275 locum:
933 2230 1117 2286 antiqui
1138 2231 1280 2274 enim
1318 2230 1659 2275 interserebant
1691 2231 1719 2276 S
1759 2230 1837 2275 lit-

161 2286 336 2328 teram.
358 2321 366 2330 .
388 2288 416 2330 .’
452 2287 508 2330 cf.
541 2288 761 2333 Placidus
792 2289 843 2332 in
876 2289 981 2334 CGl.
1016 2290 1058 2333 V
1084 2294 1138 2333 63
1165 2289 1216 2335 G.

978 2415 1023 2461 X

73 2507 131 2546 40
162 2497 453 2553 Puerarum
491 2503 736 2556 manibus
776 2506 1076 2558 c6nfectum
1114 2505 1432 2574 pulcerrime

278 2614 540 2659 Priscianus
578 2632 622 2673 p.
657 2623 740 2661 697
763 2619 811 2662 P.
879 2621 1075 2675 ‘puera
1122 2619 1342 2663 dicebant
1389 2617 1705 2674 antiquissimi
1730 2655 1738 2662 .
1763 2655 1770 2662 .
1794 2655 1831 2662 ..

161 2671 355 2717 Liuius
387 2674 437 2717 in
470 2674 675 2720 Odissia:
708 2690 812 2720 mea
841 2691 1007 2733 puera,
1047 2678 1161 2733 quid
1192 2678 1325 2722 uerbi
1356 2691 1412 2721 ex
1443 2679 1524 2721 tuo
1558 2690 1635 2720 ore
1668 2690 1834 2733 supera

162 2729 296 2786 fugit.
359 2731 507 2777 idem
538 2733 704 2780 alibi:
736 2738 1001 2791 puerarum'
1038 2750 1075 2780 e.
1110 2751 1153 2791 q.
1187 2751 1220 2779 s.

278 2836 527 2890 senarium,
564 2850 658 2880 tnon
696 2836 966 2881 Satwrnium
1003 2852 1091 2882 esse
1123 2839 1335 2894 probavit
1372 2838 1475 2881 Bue
1514 2852 1625 2882 ann.
1655 2839 1831 2893 philon.

164 2893 277 2933 1863
303 2906 350 2947 p.
385 2897 483 2937 331.
544 2894 819 2950 pulcerrime
851 2895 1106 2940 Oasroliruh.
1140 2895 1447 2951 pulcherrime
1480 2913 1515 2951 φ
