1980 3146
841 107 1063 152 VARIVS
1682 106 1790 159 265

550 400 622 467 L.
665 397 1008 468 VARIVS
1049 397 1355 469 RVFVS

798 550 1109 598 THVESTA

853 655 1049 708 Atreus

895 746 1002 797 iam
1041 745 1153 797 fero
1193 745 1582 816 infandissima,

114 819 229 872 Iam
267 820 437 873 facere
476 837 652 890 cogor.

235 936 386 981 Schol.
425 935 570 980 Paris.
619 934 892 992 diligentius
939 949 1080 990 quam
1128 937 1267 978 antea
1314 935 1598 992 descriptum
1644 949 1672 978 a
1710 935 1794 979 Th.

115 996 403 1040 Mommseno
429 995 606 1051 ephem.
632 995 866 1051 Marburg.
887 999 1001 1038 1845
1024 1009 1068 1050 p.
1089 999 1165 1039 84:
1198 994 1389 1038 εΙΝοΙΡΙΊἻ
1413 995 1624 1038 ΤΗνΕεΤΑ
1646 995 1794 1038 Vim.

115 1054 286 1099 Lucius
310 1053 477 1098 Varius
510 1056 816 1111 cognomento
847 1053 995 1097 Rufus
1020 1053 1257 1109 Thyesten
1286 1053 1596 1111 tragoediam'
1625 1067 1662 1097 e.
1685 1062 1731 1109 q.
1757 1068 1790 1098 S.

116 1113 237 1158 Vide
265 1115 464 1169 quaestt.
492 1126 643 1157 scaen.
668 1126 796 1157 meas
822 1112 934 1156 olim
958 1112 1162 1156 adnexas
1185 1128 1230 1169 p.
1257 1118 1355 1157 347.
1404 1113 1525 1157 Acta
1549 1115 1621 1157 est
1644 1127 1684 1156 a.
1713 1118 1795 1156 725

116 1173 240 1216 ludis
263 1171 626 1229 triumphalibus
652 1171 817 1216 Sextili
840 1185 1009 1218 mense.
1059 1170 1375 1224 Quintilianus
1398 1172 1463 1215 III
1487 1177 1528 1228 8,
1545 1177 1601 1216 45
1629 1173 1796 1227 ‘neque

118 1232 243 1277 enim
291 1231 538 1288 quisquam
581 1233 653 1275 est
690 1233 789 1275 tam
825 1231 976 1275 malus
1015 1232 1069 1274 ut
1106 1230 1257 1274 uideri
1296 1230 1425 1277 uelit.
1488 1231 1554 1275 sic
1595 1230 1798 1277 Catilina

119 1291 245 1348 apud
276 1290 553 1335 Sallustium
587 1290 815 1346 loquitur,
854 1292 908 1334 ut
936 1304 1034 1334 rem
1066 1289 1444 1334 scelestissimam
1474 1305 1568 1334 non
1598 1290 1797 1346 malitia,

120 1351 201 1395 sed
240 1350 565 1407 indignatione
603 1349 822 1393 uideatur
861 1349 1050 1394 audere:
1097 1348 1163 1393 sic
1202 1349 1407 1394 Atreus
1447 1350 1574 1406 apud
1604 1349 1798 1394 Varium

118 1410 214 1453 iam
244 1409 355 1466 fero,
387 1409 554 1466 inquit,
587 1408 930 1452 infandissima’
966 1423 1004 1453 e.
1029 1424 1072 1465 q.
1099 1423 1132 1452 s,

584 1593 673 1640 EX
710 1591 1018 1641 INOERTIS
1056 1592 1338 1641 FABVLIS

946 1704 972 1751 I

902 1795 1136 1864 primum
1175 1795 1301 1848 huic

211 1882 408 1936 Neruis
446 1886 649 1952 septem
689 1886 770 1935 est
806 1883 1014 1935 intenta
1050 1884 1182 1936 fides

211 1971 468 2040 Variique
508 1972 620 2041 apti
658 1975 852 2024 uocum
889 1973 1094 2024 moduli

948 2060 979 2094 ἦε

212 2134 299 2186 Ad
338 2135 471 2203 quos
510 2135 695 2187 mundi
733 2136 949 2187 resonat
989 2153 1150 2187 canor
1187 2135 1242 2186 in

125 2239 145 2271 5
214 2222 459 2293 Vestigia
497 2241 552 2275 se
591 2242 687 2275 sua
724 2224 1006 2276 uoluentis

243 2336 419 2380 Marius
450 2335 716 2381 Victorinus
748 2338 872 2383 OGL.
905 2339 969 2383 VI
993 2344 1048 2382 60
1079 2338 1134 2382 Κ.
1185 2339 1484 2381 ‘concentum
1513 2336 1675 2380 mundi
1706 2352 1806 2381 cur-

128 2410 320 2498 slugique
353 2395 548 2475 'imitans
587 2396 751 2440 chorus
792 2398 992 2440 canebat
1017 2434 1024 2441 .
1046 2434 1083 2441 ..
1112 2397 1168 2440 de
1209 2410 1302 2451 qua
1331 2409 1380 2439 re
1411 2395 1581 2439 Varius
1614 2395 1679 2440 sic
1710 2398 1805 2440 tra-

162 2455 179 2498 i
213 2455 253 2498 it
279 2492 286 2499 .
309 2492 316 2499 .
338 2491 345 2498 .

248 2564 274 2602 3
307 2572 366 2615 ap
368 2558 407 2601 ti
445 2558 809 2603 Schneidewinus
848 2558 1011 2602 addita
1042 2559 1143 2603 Pal.
1177 2558 1286 2602 Par.
1328 2556 1480 2601 additi
1509 2559 1574 2602 ed.
1601 2573 1673 2614 pr.
1708 2558 1809 2603 dati

131 2573 366 2663 Bothiusp
431 2616 609 2660 moduli
640 2618 835 2661 Bothius
864 2617 992 2660 modi
1024 2634 1072 2661 ω.
1136 2618 1328 2672 Propter
1357 2618 1533 2660 hiatum
1557 2624 1662 2672 post
1690 2619 1811 2663 hunc

131 2692 170 2721 v.
213 2678 424 2721 lacunam
461 2678 622 2731 statui,
663 2679 716 2719 in
754 2691 845 2732 qua
881 2682 1029 2720 motus
1067 2676 1190 2719 chori
1227 2677 1466 2720 memorari
1490 2681 1703 2731 poterant
1733 2678 1806 2732 (cf.

133 2737 283 2780 coroll.
330 2734 475 2778 LXIII
495 2738 575 2792 sq.)
621 2733 833 2790 uariique
885 2734 1014 2778 modi
1067 2747 1234 2777 uocum
1267 2771 1276 2778 .
1304 2770 1313 2778 .
1344 2735 1411 2778 vel
1456 2733 1668 2789 uariique
1715 2735 1811 2778 adii

134 2808 303 2838 uocum
338 2795 492 2837 motus
525 2795 628 2838 Bue
739 2798 768 2836 4
798 2795 932 2836 tenor
970 2794 1036 2837 ed.
1063 2807 1137 2849 pr.
1243 2797 1271 2835 4
1287 2807 1349 2849 sq.
1383 2807 1466 2836 sua
1498 2807 1546 2836 se
1577 2793 1811 2837 uoluentis

134 2868 192 2957 Ξ
228 2852 431 2909 uestigia
477 2870 534 2908 ω,
588 2854 781 2898 correaeit
827 2853 942 2896 Bue.
1005 2851 1053 2894 in
1100 2851 1193 2895 Sua
1241 2865 1288 2894 se
1333 2851 1536 2909 uestigia
1581 2852 1812 2897 uoluentis

192 2913 499 2956 hneidewinus
