1992 3100
511 416 833 489 LIVIVS
887 416 1508 489 ANDRONIOVS

847 576 1172 626 ACHILLES
1223 588 1228 592 ’

172 659 237 714 Si'
270 661 436 714 malas
475 660 714 730 imitabo,
754 664 871 713 tum
909 665 970 714 tu
1006 662 1240 731 pretium
1278 681 1375 732 pro
1415 663 1554 716 noxa
1594 662 1758 716 dabis,

288 762 407 807 Non.
434 767 541 818 365,
566 765 621 806 25
669 762 959 819 ‘pretium,
991 776 1170 819 poenae
1203 762 1411 808 exitum?
1476 768 1576 819 473,
1602 769 1658 807 22
1694 764 1846 809 ‘imi-

168 822 285 866 tat.
306 857 316 866 .
336 823 363 867 .'
399 821 455 865 cf.
488 821 620 865 Hom.
654 820 787 867 Iliad.
821 822 842 865 I
866 826 953 866 384
970 836 1067 877 sqq.
1130 822 1263 866 Adde
1295 822 1383 867 ino.
1417 822 1510 867 fab.
1536 823 1592 867 V.

286 909 337 953 ni
366 925 400 955 x
539 909 685 954 males
717 921 755 967 ψ
788 917 971 968 praeter
1001 912 1077 956 Ba
1103 926 1152 969 p.
1177 915 1263 954 473
1295 910 1444 955 malos
1481 912 1547 956 ed.
1574 926 1648 969 pr.
1791 914 1845 956 tu

167 983 251 1014 om.
285 986 320 1013 ω
353 972 437 1013 365
530 969 665 1013 dabit
696 987 730 1013 ω
763 974 848 1014 365

815 1094 1189 1143 AEGISTHVS

994 1184 1020 1231 I

967 1286 1092 1320 nam
1131 1271 1192 1320 ut
1229 1267 1489 1339 Pergama

164 1355 402 1410 Accensa
441 1360 494 1410 et
531 1356 725 1426 praeda
763 1357 858 1425 per
895 1357 1181 1425 participes
1221 1357 1459 1425 aequiber

163 1445 371 1498 Partita
410 1449 490 1498 est

280 1547 399 1591 Non.
433 1551 533 1603 512,
559 1550 613 1589 32
650 1545 1047 1601 ‘aequiter...'

280 1635 455 1692 praeda
487 1635 659 1679 me'us
689 1633 914 1690 praedam
945 1651 993 1679 ω.

972 1745 1023 1792 Π

161 1829 298 1881 Tum
337 1831 515 1882 autem
552 1829 811 1882 lasciuum
847 1827 1011 1883 Nerei
1048 1828 1240 1881 simlim
1278 1846 1438 1898 pecus

160 1918 372 1971 Ludens
412 1918 478 1970 ad
516 1921 730 1971 cantum
769 1918 988 1970 classem
1026 1917 1285 1970 lustratlir
1310 1959 1320 1969 .
1346 1959 1357 1969 .

275 2019 395 2063 Non.
422 2024 520 2075 335,
546 2023 599 2062 21
641 2018 913 2062 ‘lustrare
939 2019 1010 2061 est
1033 2017 1300 2063 circumire.
1322 2054 1330 2062 .
1350 2018 1378 2062 .'
1417 2021 1514 2074 158,
1541 2023 1595 2062 29
1640 2019 1834 2075 ‘pecus

162 2115 170 2123 .
191 2115 199 2123 .
217 2092 311 2122 non
335 2078 486 2122 solum
509 2077 773 2133 quadrupes
798 2076 985 2133 animal,
1019 2090 1180 2120 uerum
1204 2076 1360 2120 omnia
1385 2076 1610 2121 animalia
1632 2077 1834 2134 pecudes

158 2137 404 2182 dicuntur.
428 2174 436 2182 .
457 2173 466 2182 .
495 2137 587 2196 [5]’

279 2231 301 2269 1
332 2228 491 2270 autem
519 2240 603 2270 om.
637 2242 671 2268 ω
705 2228 789 2268 335
852 2223 991 2268 Nerei
1024 2223 1191 2267 simum
1221 2225 1450 2269 Reatinus
1480 2224 1630 2269 nereis
1663 2224 1832 2269 simum

158 2301 193 2328 ω
226 2289 311 2328 335
350 2284 419 2329 rei
451 2284 619 2328 simum
649 2301 684 2327 ω
720 2287 803 2326 158
924 2288 950 2326 2
982 2285 1167 2327 cantem
1196 2293 1234 2339 ψ
1348 2282 1546 2327 classem
1578 2284 1688 2329 GH
1713 2285 1832 2329 clas·

159 2358 260 2386 sum
293 2361 327 2400 φ
446 2343 673 2387 lustratur
713 2342 851 2386 choro
890 2356 1064 2387 versum
1102 2343 1317 2399 explebit:
1355 2343 1412 2397 cf.
1447 2342 1637 2389 Senecae
1667 2343 1830 2402 Ayam.

156 2417 195 2447 v.
229 2407 315 2446 475
348 2402 549 2447 elassum
578 2402 805 2446 lustratur
837 2400 1010 2461 <uias>
1042 2416 1075 2446 a:

957 2511 1033 2558 ΠΙ

154 2593 336 2648 Iamne
377 2596 557 2649 6eulos
597 2596 768 2666 speeie
807 2595 1075 2648 laetauisti
1115 2595 1376 2664 optabili?

273 2695 391 2741 Non.
427 2701 524 2752 132,
552 2701 607 2740 32
643 2696 887 2740 ‘laetare
1008 2695 1295 2741 laetificare?
1362 2701 1460 2753 386,
1487 2701 1543 2741 23
1582 2672 1829 2753 'species

155 2753 326 2798 dicitur
356 2754 548 2812 effigies,
579 2755 737 2800 facies.
786 2755 835 2799 L.
868 2754 1054 2812 Egisthi
1083 2757 1170 2800 ...’

272 2842 492 2887 laetauiri
520 2853 559 2900 ψ
585 2848 684 2900 386,
716 2845 835 2888 unde
866 2842 1101 2888 laetauere
1133 2858 1166 2889 x

243 2924 374 2958 Senon.
397 2935 498 2965 poes.
522 2926 628 2959 Rom.
652 2926 785 2967 fragm.
810 2925 867 2959 ed.
891 2925 1082 2959 Rimmon.
1534 2923 1556 2961 1
