<?xml version="1.0" encoding="UTF-8"?>
<!DOCTYPE html PUBLIC "-//W3C//DTD XHTML 1.0 Transitional//EN"
    "http://www.w3.org/TR/xhtml1/DTD/xhtml1-transitional.dtd">
<html xmlns="http://www.w3.org/1999/xhtml" xml:lang="en" lang="en">
 <head>
  <title>
</title>
<meta http-equiv="Content-Type" content="text/html;charset=utf-8" />
  <meta name='ocr-system' content='tesseract 3.04.00' />
  <meta name='ocr-capabilities' content='ocr_page ocr_carea ocr_par ocr_line ocrx_word'/>
</head>
<body>
  <div class='ocr_page' id='page_1' title='image "./fragscaenicaeromr01ribbuoft/fragscaenicaeromr01ribbuoft_0096.png"; bbox 0 0 1980 3146; ppageno 0'>
   <div class='ocr_carea' id='block_1_1' title="bbox 217 76 1206 131">
    <p class='ocr_par' dir='ltr' id='par_1_1' title="bbox 217 76 1206 131">
     <span class='ocr_line' id='line_1_1' title="bbox 217 76 1206 131; baseline -0.007 -1"><span class='ocrx_word' id='word_1_1' title='bbox 217 78 287 131; x_wconf 85' lang='lat'>84</span> <span class='ocrx_word' id='word_1_2' title='bbox 478 88 482 92; x_wconf 86' lang='lat'>&#39;</span> <span class='ocrx_word' id='word_1_3' title='bbox 899 76 950 130; x_wconf 83' lang='lat' dir='ltr'>Q.</span> <span class='ocrx_word' id='word_1_4' title='bbox 983 77 1206 123; x_wconf 83' lang='lat' dir='ltr'>ENNIVS</span> 
     </span>
    </p>
   </div>
   <div class='ocr_carea' id='block_1_2' title="bbox 215 215 1884 451">
    <p class='ocr_par' dir='ltr' id='par_1_2' title="bbox 215 215 1884 451">
     <span class='ocr_line' id='line_1_2' title="bbox 987 215 1108 264; baseline 0.008 -1"><span class='ocrx_word' id='word_1_5' title='bbox 987 215 1108 264; x_wconf 86' lang='lat' dir='ltr'>LIH</span> 
     </span>
     <span class='ocr_line' id='line_1_3' title="bbox 215 298 1884 373; baseline 0.001 -20"><span class='ocrx_word' id='word_1_6' title='bbox 215 300 508 353; x_wconf 71' lang='lat' dir='ltr'>Flammam</span> <span class='ocrx_word' id='word_1_7' title='bbox 524 298 733 367; x_wconf 85' lang='lat' dir='ltr'>&lt;enim&gt;</span> <span class='ocrx_word' id='word_1_8' title='bbox 749 298 958 368; x_wconf 75' lang='lat' dir='ltr'>sapiens</span> <span class='ocrx_word' id='word_1_9' title='bbox 978 299 1187 353; x_wconf 85' lang='lat' dir='ltr'>facilius</span> <span class='ocrx_word' id='word_1_10' title='bbox 1204 300 1294 353; x_wconf 78' lang='lat' dir='ltr'>ore</span> <span class='ocrx_word' id='word_1_11' title='bbox 1309 300 1367 352; x_wconf 90' lang='lat' dir='ltr'>in</span> <span class='ocrx_word' id='word_1_12' title='bbox 1383 301 1595 354; x_wconf 86' lang='lat' dir='ltr'>ardente</span> <span class='ocrx_word' id='word_1_13' title='bbox 1612 301 1884 373; x_wconf 77' lang='lat' dir='ltr'>opprimit,</span> 
     </span>
     <span class='ocr_line' id='line_1_4' title="bbox 219 386 974 451; baseline 0 -11"><span class='ocrx_word' id='word_1_14' title='bbox 219 388 387 451; x_wconf 74' lang='lat' dir='ltr'>Quam</span> <span class='ocrx_word' id='word_1_15' title='bbox 425 388 566 440; x_wconf 85' lang='lat' dir='ltr'>bona</span> <span class='ocrx_word' id='word_1_16' title='bbox 605 386 745 439; x_wconf 82' lang='lat' dir='ltr'>dicta</span> <span class='ocrx_word' id='word_1_17' title='bbox 782 388 974 440; x_wconf 76' lang='lat' dir='ltr'>teneat.</span> 
     </span>
    </p>
   </div>
   <div class='ocr_carea' id='block_1_3' title="bbox 213 486 1884 1193">
    <p class='ocr_par' dir='ltr' id='par_1_3' title="bbox 213 486 1884 1193">
     <span class='ocr_line' id='line_1_5' title="bbox 333 486 1884 544; baseline 0.002 -13"><span class='ocrx_word' id='word_1_18' title='bbox 333 486 490 531; x_wconf 89' lang='lat' dir='ltr'>Cicero</span> <span class='ocrx_word' id='word_1_19' title='bbox 523 487 580 532; x_wconf 91' lang='lat' dir='ltr'>de</span> <span class='ocrx_word' id='word_1_20' title='bbox 612 490 726 532; x_wconf 86' lang='lat' dir='ltr'>orat.</span> <span class='ocrx_word' id='word_1_21' title='bbox 761 488 803 531; x_wconf 92' lang='grc' dir='ltr'>Π</span> <span class='ocrx_word' id='word_1_22' title='bbox 827 492 903 544; x_wconf 85' lang='lat'>54,</span> <span class='ocrx_word' id='word_1_23' title='bbox 929 493 1013 532; x_wconf 89' lang='grc'>222</span> <span class='ocrx_word' id='word_1_24' title='bbox 1056 489 1207 544; x_wconf 84' lang='lat' dir='ltr'>‘quod</span> <span class='ocrx_word' id='word_1_25' title='bbox 1242 490 1314 533; x_wconf 88' lang='lat' dir='ltr'>est</span> <span class='ocrx_word' id='word_1_26' title='bbox 1343 488 1607 533; x_wconf 83' lang='lat' dir='ltr'>hominibus</span> <span class='ocrx_word' id='word_1_27' title='bbox 1638 489 1802 534; x_wconf 87' lang='lat' dir='ltr'>facetis</span> <span class='ocrx_word' id='word_1_28' title='bbox 1835 491 1884 535; x_wconf 87' lang='lat' dir='ltr'>et</span> 
     </span>
     <span class='ocr_line' id='line_1_6' title="bbox 216 544 1884 607; baseline 0.003 -18"><span class='ocrx_word' id='word_1_29' title='bbox 216 544 453 595; x_wconf 82' lang='lat' dir='ltr'>dicacibus</span> <span class='ocrx_word' id='word_1_30' title='bbox 478 545 819 604; x_wconf 82' lang='lat' dir='ltr'>difficillimum,</span> <span class='ocrx_word' id='word_1_31' title='bbox 844 546 1015 592; x_wconf 88' lang='lat' dir='ltr'>habere</span> <span class='ocrx_word' id='word_1_32' title='bbox 1039 547 1278 592; x_wconf 91' lang='lat' dir='ltr'>hominum</span> <span class='ocrx_word' id='word_1_33' title='bbox 1301 547 1531 592; x_wconf 87' lang='lat' dir='ltr'>rationem</span> <span class='ocrx_word' id='word_1_34' title='bbox 1553 550 1601 592; x_wconf 88' lang='lat' dir='ltr'>et</span> <span class='ocrx_word' id='word_1_35' title='bbox 1622 551 1884 607; x_wconf 87' lang='lat' dir='ltr'>temporum</span> 
     </span>
     <span class='ocr_line' id='line_1_7' title="bbox 215 605 1881 666; baseline 0.002 -17"><span class='ocrx_word' id='word_1_36' title='bbox 215 608 263 649; x_wconf 89' lang='lat' dir='ltr'>et</span> <span class='ocrx_word' id='word_1_37' title='bbox 309 618 364 649; x_wconf 87' lang='lat' dir='ltr'>ea</span> <span class='ocrx_word' id='word_1_38' title='bbox 409 618 528 661; x_wconf 90' lang='lat' dir='ltr'>quae</span> <span class='ocrx_word' id='word_1_39' title='bbox 575 608 838 662; x_wconf 86' lang='lat' dir='ltr'>occurrant,</span> <span class='ocrx_word' id='word_1_40' title='bbox 886 620 991 650; x_wconf 92' lang='lat' dir='ltr'>cum</span> <span class='ocrx_word' id='word_1_41' title='bbox 1035 605 1287 651; x_wconf 81' lang='lat' dir='ltr'>salsissime</span> <span class='ocrx_word' id='word_1_42' title='bbox 1333 606 1426 651; x_wconf 91' lang='lat' dir='ltr'>dici</span> <span class='ocrx_word' id='word_1_43' title='bbox 1462 606 1664 664; x_wconf 88' lang='lat' dir='ltr'>possint,</span> <span class='ocrx_word' id='word_1_44' title='bbox 1705 609 1881 666; x_wconf 88' lang='lat' dir='ltr'>tenere.</span> 
     </span>
     <span class='ocr_line' id='line_1_8' title="bbox 214 664 1883 723; baseline 0.002 -16"><span class='ocrx_word' id='word_1_45' title='bbox 214 665 377 720; x_wconf 88' lang='lat' dir='ltr'>Itaque</span> <span class='ocrx_word' id='word_1_46' title='bbox 408 664 622 708; x_wconf 85' lang='lat' dir='ltr'>nonnulli</span> <span class='ocrx_word' id='word_1_47' title='bbox 652 665 839 710; x_wconf 86' lang='lat' dir='ltr'>ridiculi</span> <span class='ocrx_word' id='word_1_48' title='bbox 868 665 1078 709; x_wconf 90' lang='lat' dir='ltr'>homines</span> <span class='ocrx_word' id='word_1_49' title='bbox 1109 666 1197 710; x_wconf 92' lang='lat' dir='ltr'>hoc</span> <span class='ocrx_word' id='word_1_50' title='bbox 1227 665 1380 723; x_wconf 88' lang='lat' dir='ltr'>ipsum</span> <span class='ocrx_word' id='word_1_51' title='bbox 1410 680 1504 711; x_wconf 93' lang='lat' dir='ltr'>non</span> <span class='ocrx_word' id='word_1_52' title='bbox 1533 665 1707 711; x_wconf 89' lang='lat' dir='ltr'>insulse</span> <span class='ocrx_word' id='word_1_53' title='bbox 1737 667 1883 712; x_wconf 87' lang='lat' dir='ltr'>inter-</span> 
     </span>
     <span class='ocr_line' id='line_1_9' title="bbox 213 723 1881 783; baseline 0.002 -17"><span class='ocrx_word' id='word_1_54' title='bbox 213 724 468 780; x_wconf 87' lang='lat' dir='ltr'>pretantur.</span> <span class='ocrx_word' id='word_1_55' title='bbox 516 723 679 768; x_wconf 86' lang='lat' dir='ltr'>Dicere</span> <span class='ocrx_word' id='word_1_56' title='bbox 704 724 827 769; x_wconf 91' lang='lat' dir='ltr'>enim</span> <span class='ocrx_word' id='word_1_57' title='bbox 851 723 986 769; x_wconf 90' lang='lat' dir='ltr'>aiunt</span> <span class='ocrx_word' id='word_1_58' title='bbox 1007 723 1228 781; x_wconf 88' lang='lat' dir='ltr'>Ennium,</span> <span class='ocrx_word' id='word_1_59' title='bbox 1257 724 1542 769; x_wconf 89' lang='lat' dir='ltr'>flammam</span> <span class='ocrx_word' id='word_1_60' title='bbox 1565 739 1594 770; x_wconf 91' lang='lat' dir='ltr'>a</span> <span class='ocrx_word' id='word_1_61' title='bbox 1618 726 1881 783; x_wconf 83' lang='lat' dir='ltr'>sapiente</span> 
     </span>
     <span class='ocr_line' id='line_1_10' title="bbox 215 781 1882 841; baseline 0.003 -16"><span class='ocrx_word' id='word_1_62' title='bbox 215 781 452 826; x_wconf 82' lang='lat' dir='ltr'>facilius</span> <span class='ocrx_word' id='word_1_63' title='bbox 492 796 584 827; x_wconf 87' lang='lat' dir='ltr'>ore</span> <span class='ocrx_word' id='word_1_64' title='bbox 621 783 678 827; x_wconf 92' lang='lat' dir='ltr'>in</span> <span class='ocrx_word' id='word_1_65' title='bbox 717 783 953 839; x_wconf 87' lang='lat' dir='ltr'>ardente</span> <span class='ocrx_word' id='word_1_66' title='bbox 992 783 1253 841; x_wconf 85' lang='lat' dir='ltr'>opprimi,</span> <span class='ocrx_word' id='word_1_67' title='bbox 1297 798 1460 839; x_wconf 87' lang='lat' dir='ltr'>quam</span> <span class='ocrx_word' id='word_1_68' title='bbox 1496 784 1540 828; x_wconf 92' lang='lat' dir='ltr'>b.</span> <span class='ocrx_word' id='word_1_69' title='bbox 1581 784 1625 828; x_wconf 92' lang='lat' dir='ltr'>d.</span> <span class='ocrx_word' id='word_1_70' title='bbox 1664 787 1719 830; x_wconf 90' lang='lat' dir='ltr'>t.:</span> <span class='ocrx_word' id='word_1_71' title='bbox 1765 785 1882 830; x_wconf 85' lang='lat' dir='ltr'>haec</span> 
     </span>
     <span class='ocr_line' id='line_1_11' title="bbox 216 840 1883 899; baseline 0.002 -14"><span class='ocrx_word' id='word_1_72' title='bbox 216 840 394 885; x_wconf 87' lang='lat' dir='ltr'>scilicet</span> <span class='ocrx_word' id='word_1_73' title='bbox 431 840 555 885; x_wconf 90' lang='lat' dir='ltr'>bona</span> <span class='ocrx_word' id='word_1_74' title='bbox 595 841 740 898; x_wconf 88' lang='lat' dir='ltr'>dicta,</span> <span class='ocrx_word' id='word_1_75' title='bbox 782 856 902 899; x_wconf 90' lang='lat' dir='ltr'>quae</span> <span class='ocrx_word' id='word_1_76' title='bbox 941 842 1066 887; x_wconf 88' lang='lat' dir='ltr'>salsa</span> <span class='ocrx_word' id='word_1_77' title='bbox 1104 842 1230 887; x_wconf 90' lang='lat' dir='ltr'>sint.’</span> <span class='ocrx_word' id='word_1_78' title='bbox 1293 842 1471 888; x_wconf 89' lang='lat' dir='ltr'>Imitati</span> <span class='ocrx_word' id='word_1_79' title='bbox 1502 845 1610 887; x_wconf 89' lang='lat' dir='ltr'>sunt</span> <span class='ocrx_word' id='word_1_80' title='bbox 1639 843 1883 889; x_wconf 76' lang='lat' dir='ltr'>Petronius</span> 
     </span>
     <span class='ocr_line' id='line_1_12' title="bbox 214 900 1882 955; baseline 0.002 -12"><span class='ocrx_word' id='word_1_81' title='bbox 214 900 268 943; x_wconf 88' lang='lat' dir='ltr'>fr.</span> <span class='ocrx_word' id='word_1_82' title='bbox 303 903 379 955; x_wconf 83' lang='lat'>28,</span> <span class='ocrx_word' id='word_1_83' title='bbox 406 904 429 943; x_wconf 89' lang='lat'>1</span> <span class='ocrx_word' id='word_1_84' title='bbox 455 900 506 944; x_wconf 95' lang='grc' dir='ltr'>Β.</span> <span class='ocrx_word' id='word_1_85' title='bbox 560 900 610 944; x_wconf 88' lang='lat' dir='ltr'>in</span> <span class='ocrx_word' id='word_1_86' title='bbox 649 901 872 947; x_wconf 69' lang='lat' dir='ltr'>carminea</span> <span class='ocrx_word' id='word_1_87' title='bbox 921 902 1071 946; x_wconf 75' lang='lat' dir='ltr'>‘nam</span> <span class='ocrx_word' id='word_1_88' title='bbox 1108 901 1282 946; x_wconf 91' lang='lat' dir='ltr'>citius</span> <span class='ocrx_word' id='word_1_89' title='bbox 1320 902 1579 947; x_wconf 88' lang='lat' dir='ltr'>flammas</span> <span class='ocrx_word' id='word_1_90' title='bbox 1610 903 1882 948; x_wconf 75' lang='lat' dir='ltr'>mortales</span> 
     </span>
     <span class='ocr_line' id='line_1_13' title="bbox 216 959 1882 1019; baseline 0.002 -16"><span class='ocrx_word' id='word_1_91' title='bbox 216 972 308 1003; x_wconf 89' lang='lat' dir='ltr'>ore</span> <span class='ocrx_word' id='word_1_92' title='bbox 346 959 623 1004; x_wconf 90' lang='lat' dir='ltr'>tenebunt</span> <span class='ocrx_word' id='word_1_93' title='bbox 662 959 832 1014; x_wconf 83' lang='lat' dir='ltr'>Quam</span> <span class='ocrx_word' id='word_1_94' title='bbox 871 962 1048 1005; x_wconf 83' lang='lat' dir='ltr'>secreta</span> <span class='ocrx_word' id='word_1_95' title='bbox 1084 961 1288 1018; x_wconf 87' lang='lat' dir='ltr'>tegant,’</span> <span class='ocrx_word' id='word_1_96' title='bbox 1329 963 1377 1005; x_wconf 92' lang='lat' dir='ltr'>et</span> <span class='ocrx_word' id='word_1_97' title='bbox 1408 961 1709 1018; x_wconf 80' lang='lat' dir='ltr'>Symmachus</span> <span class='ocrx_word' id='word_1_98' title='bbox 1748 962 1882 1019; x_wconf 84' lang='lat' dir='ltr'>epist.</span> 
     </span>
     <span class='ocr_line' id='line_1_14' title="bbox 214 1017 1883 1078; baseline 0.002 -17"><span class='ocrx_word' id='word_1_99' title='bbox 214 1017 312 1062; x_wconf 88' lang='lat'>131</span> <span class='ocrx_word' id='word_1_100' title='bbox 358 1018 507 1062; x_wconf 85' lang='lat' dir='ltr'>‘nam</span> <span class='ocrx_word' id='word_1_101' title='bbox 544 1018 780 1063; x_wconf 79' lang='lat' dir='ltr'>facilius</span> <span class='ocrx_word' id='word_1_102' title='bbox 820 1022 907 1064; x_wconf 90' lang='lat' dir='ltr'>est</span> <span class='ocrx_word' id='word_1_103' title='bbox 946 1020 1214 1064; x_wconf 72' lang='lat' dir='ltr'>ardentes</span> <span class='ocrx_word' id='word_1_104' title='bbox 1245 1019 1486 1064; x_wconf 88' lang='lat' dir='ltr'>fauillas</span> <span class='ocrx_word' id='word_1_105' title='bbox 1519 1034 1610 1064; x_wconf 86' lang='lat' dir='ltr'>ore</span> <span class='ocrx_word' id='word_1_106' title='bbox 1643 1021 1883 1078; x_wconf 88' lang='lat' dir='ltr'>compri-</span> 
     </span>
     <span class='ocr_line' id='line_1_15' title="bbox 214 1078 1884 1136; baseline 0.004 -17"><span class='ocrx_word' id='word_1_107' title='bbox 214 1090 359 1120; x_wconf 90' lang='lat' dir='ltr'>mere</span> <span class='ocrx_word' id='word_1_108' title='bbox 406 1091 568 1132; x_wconf 88' lang='lat' dir='ltr'>quam</span> <span class='ocrx_word' id='word_1_109' title='bbox 612 1078 838 1123; x_wconf 76' lang='lat' dir='ltr'>luculenti</span> <span class='ocrx_word' id='word_1_110' title='bbox 883 1078 1033 1136; x_wconf 85' lang='lat' dir='ltr'>operis</span> <span class='ocrx_word' id='word_1_111' title='bbox 1080 1092 1263 1124; x_wconf 87' lang='lat' dir='ltr'>seruare</span> <span class='ocrx_word' id='word_1_112' title='bbox 1311 1080 1568 1124; x_wconf 88' lang='lat' dir='ltr'>secretum.’</span> <span class='ocrx_word' id='word_1_113' title='bbox 1632 1079 1687 1124; x_wconf 92' lang='lat' dir='ltr'>cf.</span> <span class='ocrx_word' id='word_1_114' title='bbox 1728 1080 1884 1125; x_wconf 87' lang='lat' dir='ltr'>Stern-</span> 
     </span>
     <span class='ocr_line' id='line_1_16' title="bbox 215 1135 995 1193; baseline 0.004 -14"><span class='ocrx_word' id='word_1_115' title='bbox 215 1135 372 1179; x_wconf 90' lang='lat' dir='ltr'>bachii</span> <span class='ocrx_word' id='word_1_116' title='bbox 402 1136 602 1193; x_wconf 85' lang='lat' dir='ltr'>gnomol.</span> <span class='ocrx_word' id='word_1_117' title='bbox 635 1137 787 1182; x_wconf 91' lang='lat' dir='ltr'>Vatic.</span> <span class='ocrx_word' id='word_1_118' title='bbox 819 1153 863 1183; x_wconf 94' lang='lat' dir='ltr'>n.</span> <span class='ocrx_word' id='word_1_119' title='bbox 895 1142 995 1182; x_wconf 79' lang='lat'>475.</span> 
     </span>
    </p>
   </div>
   <div class='ocr_carea' id='block_1_4' title="bbox 215 1225 1884 1398">
    <p class='ocr_par' dir='ltr' id='par_1_4' title="bbox 215 1225 1884 1398">
     <span class='ocr_line' id='line_1_17' title="bbox 334 1225 1884 1286; baseline 0.004 -18"><span class='ocrx_word' id='word_1_120' title='bbox 334 1230 357 1268; x_wconf 91' lang='lat'>1</span> <span class='ocrx_word' id='word_1_121' title='bbox 391 1225 514 1270; x_wconf 90' lang='lat' dir='ltr'>enim</span> <span class='ocrx_word' id='word_1_122' title='bbox 544 1239 627 1271; x_wconf 85' lang='lat' dir='ltr'>om.</span> <span class='ocrx_word' id='word_1_123' title='bbox 656 1226 808 1271; x_wconf 75' lang='lat' dir='ltr'>Cicero</span> <span class='ocrx_word' id='word_1_124' title='bbox 895 1227 1129 1272; x_wconf 74' lang='lat' dir='ltr'>Indirecta</span> <span class='ocrx_word' id='word_1_125' title='bbox 1158 1228 1362 1272; x_wconf 76' lang='lat' dir='ltr'>oratione</span> <span class='ocrx_word' id='word_1_126' title='bbox 1392 1228 1539 1273; x_wconf 76' lang='lat' dir='ltr'>utitwr</span> <span class='ocrx_word' id='word_1_127' title='bbox 1562 1227 1714 1274; x_wconf 78' lang='lat' dir='ltr'>Cicero</span> <span class='ocrx_word' id='word_1_128' title='bbox 1804 1242 1884 1286; x_wconf 88' lang='lat' dir='ltr'>op-</span> 
     </span>
     <span class='ocr_line' id='line_1_18' title="bbox 215 1284 448 1340; baseline 0.013 -14"><span class='ocrx_word' id='word_1_129' title='bbox 215 1284 383 1340; x_wconf 85' lang='lat' dir='ltr'>primet</span> <span class='ocrx_word' id='word_1_130' title='bbox 415 1299 448 1329; x_wconf 80' lang='lat' dir='ltr'><strong><em>x</em></strong></span> 
     </span>
     <span class='ocr_line' id='line_1_19' title="bbox 990 1350 1103 1398; baseline 0 0"><span class='ocrx_word' id='word_1_131' title='bbox 990 1350 1103 1398; x_wconf 87' lang='lat' dir='ltr'>LIV</span> 
     </span>
    </p>
   </div>
   <div class='ocr_carea' id='block_1_5' title="bbox 124 1433 1885 1596">
    <p class='ocr_par' dir='ltr' id='par_1_5' title="bbox 124 1433 1885 1596">
     <span class='ocr_line' id='line_1_20' title="bbox 124 1433 1885 1518; baseline 0.002 -32"><span class='ocrx_word' id='word_1_132' title='bbox 124 1447 210 1487; x_wconf 84' lang='lat'>400</span> <span class='ocrx_word' id='word_1_133' title='bbox 231 1433 497 1504; x_wconf 82' lang='lat' dir='ltr'>Quiquam</span> <span class='ocrx_word' id='word_1_134' title='bbox 529 1435 810 1505; x_wconf 84' lang='lat' dir='ltr'>quisquam</span> <span class='ocrx_word' id='word_1_135' title='bbox 843 1434 1128 1518; x_wconf 76' lang='lat' dir='ltr'>quicquam</span> <span class='ocrx_word' id='word_1_136' title='bbox 1160 1454 1484 1506; x_wconf 84' lang='lat' dir='ltr'>quomquam</span> <span class='ocrx_word' id='word_1_137' title='bbox 1509 1435 1740 1506; x_wconf 79' lang='lat' dir='ltr'>quidque</span> <span class='ocrx_word' id='word_1_138' title='bbox 1763 1454 1885 1490; x_wconf 84' lang='lat' dir='ltr'>con—</span> 
     </span>
     <span class='ocr_line' id='line_1_21' title="bbox 1031 1525 1679 1596; baseline 0.002 -20"><span class='ocrx_word' id='word_1_139' title='bbox 1031 1527 1038 1534; x_wconf 88' lang='grc'><strong>’</strong></span> <span class='ocrx_word' id='word_1_140' title='bbox 1266 1525 1448 1578; x_wconf 74' lang='lat' dir='ltr'>ueniat</span> <span class='ocrx_word' id='word_1_141' title='bbox 1485 1525 1679 1596; x_wconf 74' lang='lat' dir='ltr'>neget?</span> 
     </span>
    </p>
   </div>
   <div class='ocr_carea' id='block_1_6' title="bbox 211 1621 1881 1917">
    <p class='ocr_par' dir='ltr' id='par_1_6' title="bbox 211 1621 1881 1917">
     <span class='ocr_line' id='line_1_22' title="bbox 327 1621 1881 1681; baseline 0.002 -14"><span class='ocrx_word' id='word_1_142' title='bbox 327 1623 462 1668; x_wconf 85' lang='lat' dir='ltr'>Rhet.</span> <span class='ocrx_word' id='word_1_143' title='bbox 496 1624 557 1668; x_wconf 88' lang='lat' dir='ltr'>ad</span> <span class='ocrx_word' id='word_1_144' title='bbox 586 1624 784 1668; x_wconf 91' lang='lat' dir='ltr'>Herenn.</span> <span class='ocrx_word' id='word_1_145' title='bbox 816 1624 881 1668; x_wconf 92' lang='lat' dir='ltr'>IV</span> <span class='ocrx_word' id='word_1_146' title='bbox 906 1629 982 1681; x_wconf 83' lang='lat'>12,</span> <span class='ocrx_word' id='word_1_147' title='bbox 1009 1629 1063 1668; x_wconf 89' lang='grc'>18</span> <span class='ocrx_word' id='word_1_148' title='bbox 1107 1625 1180 1668; x_wconf 76' lang='lat' dir='ltr'>‘et</span> <span class='ocrx_word' id='word_1_149' title='bbox 1211 1624 1251 1668; x_wconf 92' lang='lat' dir='ltr'>si</span> <span class='ocrx_word' id='word_1_150' title='bbox 1281 1625 1535 1670; x_wconf 88' lang='lat' dir='ltr'>uitabimus</span> <span class='ocrx_word' id='word_1_151' title='bbox 1568 1625 1774 1670; x_wconf 89' lang='lat' dir='ltr'>eiusdem</span> <span class='ocrx_word' id='word_1_152' title='bbox 1804 1621 1881 1670; x_wconf 65' lang='lat' dir='ltr'>litss</span> 
     </span>
     <span class='ocr_line' id='line_1_23' title="bbox 211 1682 1880 1742; baseline 0.002 -16"><span class='ocrx_word' id='word_1_153' title='bbox 211 1684 338 1726; x_wconf 90' lang='lat' dir='ltr'>terae</span> <span class='ocrx_word' id='word_1_154' title='bbox 377 1682 572 1727; x_wconf 86' lang='lat' dir='ltr'>nimiam</span> <span class='ocrx_word' id='word_1_155' title='bbox 609 1683 962 1739; x_wconf 73' lang='lat' dir='ltr'>adsiduitatem,</span> <span class='ocrx_word' id='word_1_156' title='bbox 1002 1682 1077 1727; x_wconf 91' lang='lat' dir='ltr'>cui</span> <span class='ocrx_word' id='word_1_157' title='bbox 1107 1683 1225 1728; x_wconf 90' lang='lat' dir='ltr'>uitio</span> <span class='ocrx_word' id='word_1_158' title='bbox 1251 1696 1416 1729; x_wconf 64' lang='lat' dir='ltr'>‘uersus</span> <span class='ocrx_word' id='word_1_159' title='bbox 1446 1684 1523 1728; x_wconf 86' lang='lat' dir='ltr'>hic</span> <span class='ocrx_word' id='word_1_160' title='bbox 1553 1684 1642 1729; x_wconf 90' lang='lat' dir='ltr'>erit</span> <span class='ocrx_word' id='word_1_161' title='bbox 1672 1684 1880 1742; x_wconf 83' lang='lat' dir='ltr'>exemplo</span> 
     </span>
     <span class='ocr_line' id='line_1_24' title="bbox 212 1742 1668 1847; baseline 0.002 -3"><span class='ocrx_word' id='word_1_162' title='bbox 212 1743 339 1799; x_wconf 61' lang='lat' dir='ltr'>&lt;m</span> <span class='ocrx_word' id='word_1_163' title='bbox 1110 1742 1275 1846; x_wconf 53' lang='lat' dir='ltr'>ass</span> <span class='ocrx_word' id='word_1_164' title='bbox 1307 1742 1668 1847; x_wconf 50' lang='lat' dir='ltr'>m&gt;</span> 
     </span>
     <span class='ocr_line' id='line_1_25' title="bbox 211 1814 1803 1917; baseline 0.003 -14"><span class='ocrx_word' id='word_1_165' title='bbox 211 1814 509 1916; x_wconf 44' lang='lat' dir='ltr'>{ial&#39;pssetassn</span> <span class='ocrx_word' id='word_1_166' title='bbox 536 1860 653 1904; x_wconf 88' lang='lat' dir='ltr'>haec</span> <span class='ocrx_word' id='word_1_167' title='bbox 684 1860 850 1904; x_wconf 86' lang='lat' dir='ltr'>lusisse</span> <span class='ocrx_word' id='word_1_168' title='bbox 880 1815 1007 1917; x_wconf 52' lang='lat' dir='ltr'>gito.</span> <span class='ocrx_word' id='word_1_169' title='bbox 1071 1838 1317 1906; x_wconf 52' lang='lat' dir='ltr'>bismanti</span> <span class='ocrx_word' id='word_1_170' title='bbox 1346 1838 1512 1906; x_wconf 70' lang='lat' dir='ltr'>Pseud.</span> <span class='ocrx_word' id='word_1_171' title='bbox 1539 1866 1636 1907; x_wconf 87' lang='lat'>134.</span> <span class='ocrx_word' id='word_1_172' title='bbox 1771 1818 1803 1860; x_wconf 74' lang='lat' dir='ltr'>g</span> 
     </span>
    </p>
   </div>
   <div class='ocr_carea' id='block_1_7' title="bbox 122 1949 1879 2463">
    <p class='ocr_par' dir='ltr' id='par_1_7' title="bbox 122 1949 1879 2463">
     <span class='ocr_line' id='line_1_26' title="bbox 326 1949 1878 2008; baseline 0.001 -16"><span class='ocrx_word' id='word_1_173' title='bbox 326 1961 501 1994; x_wconf 77' lang='lat' dir='ltr'>versum</span> <span class='ocrx_word' id='word_1_174' title='bbox 551 1950 766 1994; x_wconf 75' lang='lat' dir='ltr'>constitui</span> <span class='ocrx_word' id='word_1_175' title='bbox 808 1950 982 1995; x_wconf 73' lang='lat' dir='ltr'>incerta</span> <span class='ocrx_word' id='word_1_176' title='bbox 1025 1950 1282 1995; x_wconf 74' lang='lat' dir='ltr'>conieetwra</span> <span class='ocrx_word' id='word_1_177' title='bbox 1327 1951 1401 2006; x_wconf 81' lang='lat' dir='ltr'>(cf.</span> <span class='ocrx_word' id='word_1_178' title='bbox 1449 1951 1596 1996; x_wconf 84' lang='lat' dir='ltr'>coroll.</span> <span class='ocrx_word' id='word_1_179' title='bbox 1636 1949 1878 2008; x_wconf 88' lang='lat' dir='ltr'>XXXVII),</span> 
     </span>
     <span class='ocr_line' id='line_1_27' title="bbox 209 2008 1878 2066; baseline 0.001 -15"><span class='ocrx_word' id='word_1_180' title='bbox 209 2020 317 2051; x_wconf 67' lang='lat' dir='ltr'>‘nam</span> <span class='ocrx_word' id='word_1_181' title='bbox 346 2008 513 2065; x_wconf 76' lang='lat' dir='ltr'>exiyua</span> <span class='ocrx_word' id='word_1_182' title='bbox 542 2008 594 2051; x_wconf 74' lang='lat' dir='ltr'>i‘n</span> <span class='ocrx_word' id='word_1_183' title='bbox 623 2009 693 2052; x_wconf 79' lang='lat' dir='ltr'>his</span> <span class='ocrx_word' id='word_1_184' title='bbox 725 2009 940 2054; x_wconf 76' lang='lat' dir='ltr'>librorum</span> <span class='ocrx_word' id='word_1_185' title='bbox 967 2009 1091 2064; x_wconf 70' lang='lat' dir='ltr'>fides,</span> <span class='ocrx_word' id='word_1_186' title='bbox 1123 2010 1204 2065; x_wconf 78' lang='lat' dir='ltr'>qui</span> <span class='ocrx_word' id='word_1_187' title='bbox 1230 2010 1346 2053; x_wconf 84' lang='lat' dir='ltr'>talia</span> <span class='ocrx_word' id='word_1_188' title='bbox 1373 2010 1464 2064; x_wconf 78' lang='lat' dir='ltr'>fere</span> <span class='ocrx_word' id='word_1_189' title='bbox 1481 2010 1717 2066; x_wconf 76' lang='lat' dir='ltr'>praebent:</span> <span class='ocrx_word' id='word_1_190' title='bbox 1750 2008 1878 2064; x_wconf 90' lang='lat' dir='ltr'>quic-</span> 
     </span>
     <span class='ocr_line' id='line_1_28' title="bbox 210 2065 1879 2125; baseline 0.002 -17"><span class='ocrx_word' id='word_1_191' title='bbox 210 2079 351 2120; x_wconf 87' lang='lat' dir='ltr'>quam</span> <span class='ocrx_word' id='word_1_192' title='bbox 388 2065 486 2123; x_wconf 91' lang='lat' dir='ltr'>(qui</span> <span class='ocrx_word' id='word_1_193' title='bbox 521 2069 705 2124; x_wconf 86' lang='lat' dir='ltr'>oquam)</span> <span class='ocrx_word' id='word_1_194' title='bbox 745 2066 995 2123; x_wconf 87' lang='lat' dir='ltr'>quicquam</span> <span class='ocrx_word' id='word_1_195' title='bbox 1031 2066 1187 2125; x_wconf 80' lang='lat' dir='ltr'>(quicq</span> <span class='ocrx_word' id='word_1_196' title='bbox 1222 2082 1256 2113; x_wconf 81' lang='lat' dir='ltr'>s.</span> <span class='ocrx_word' id='word_1_197' title='bbox 1297 2066 1558 2125; x_wconf 87' lang='lat' dir='ltr'>quisquam)</span> <span class='ocrx_word' id='word_1_198' title='bbox 1599 2081 1879 2123; x_wconf 88' lang='lat' dir='ltr'>quemquam</span> 
     </span>
     <span class='ocr_line' id='line_1_29' title="bbox 210 2125 1879 2183; baseline 0.003 -16"><span class='ocrx_word' id='word_1_199' title='bbox 210 2125 396 2181; x_wconf 81' lang='lat' dir='ltr'>(quemq</span> <span class='ocrx_word' id='word_1_200' title='bbox 423 2138 458 2169; x_wconf 84' lang='lat' dir='ltr'>s.</span> <span class='ocrx_word' id='word_1_201' title='bbox 491 2127 698 2183; x_wconf 76' lang='lat' dir='ltr'>quemq3)</span> <span class='ocrx_word' id='word_1_202' title='bbox 730 2139 958 2182; x_wconf 88' lang='lat' dir='ltr'>quemque</span> <span class='ocrx_word' id='word_1_203' title='bbox 990 2127 1041 2183; x_wconf 81' lang='lat' dir='ltr'>(s.</span> <span class='ocrx_word' id='word_1_204' title='bbox 1073 2127 1176 2183; x_wconf 85' lang='lat' dir='ltr'>om.)</span> <span class='ocrx_word' id='word_1_205' title='bbox 1205 2125 1413 2182; x_wconf 88' lang='lat' dir='ltr'>quisque.</span> <span class='ocrx_word' id='word_1_206' title='bbox 1477 2125 1707 2181; x_wconf 88' lang='lat' dir='ltr'>Quiquam</span> <span class='ocrx_word' id='word_1_207' title='bbox 1731 2132 1879 2183; x_wconf 77' lang='lat' dir='ltr'>potest</span> 
     </span>
     <span class='ocr_line' id='line_1_30' title="bbox 210 2184 1878 2284; baseline 0.002 -57"><span class='ocrx_word' id='word_1_208' title='bbox 210 2184 553 2284; x_wconf 54' lang='lat' dir='ltr'>datfivugidesse,</span> <span class='ocrx_word' id='word_1_209' title='bbox 606 2198 888 2240; x_wconf 86' lang='lat' dir='ltr'>quomquam</span> <span class='ocrx_word' id='word_1_210' title='bbox 939 2186 1057 2230; x_wconf 81' lang='lat' dir='ltr'>idem</span> <span class='ocrx_word' id='word_1_211' title='bbox 1107 2186 1227 2243; x_wconf 72' lang='lat' dir='ltr'>quod</span> <span class='ocrx_word' id='word_1_212' title='bbox 1271 2199 1511 2241; x_wconf 90' lang='lat' dir='ltr'>umquam,</span> <span class='ocrx_word' id='word_1_213' title='bbox 1565 2184 1768 2241; x_wconf 86' lang='lat' dir='ltr'>quidque</span> <span class='ocrx_word' id='word_1_214' title='bbox 1814 2190 1878 2231; x_wconf 82' lang='lat' dir='ltr'>est</span> 
     </span>
     <span class='ocr_line' id='line_1_31' title="bbox 211 2255 1087 2356; baseline 0 -60"><span class='ocrx_word' id='word_1_215' title='bbox 211 2255 290 2295; x_wconf 76' lang='lat' dir='ltr'>qm</span> <span class='ocrx_word' id='word_1_216' title='bbox 324 2255 356 2297; x_wconf 80' lang='grc'>(1</span> <span class='ocrx_word' id='word_1_217' title='bbox 442 2279 450 2288; x_wconf 90' lang='lat'><strong>·</strong></span> <span class='ocrx_word' id='word_1_218' title='bbox 903 2294 905 2296; x_wconf 83' lang='grc'><em>,</em></span> <span class='ocrx_word' id='word_1_219' title='bbox 999 2309 1087 2356; x_wconf 78' lang='lat' dir='ltr'>LV</span> 
     </span>
     <span class='ocr_line' id='line_1_32' title="bbox 122 2388 1780 2463; baseline 0.004 -24"><span class='ocrx_word' id='word_1_220' title='bbox 122 2401 207 2440; x_wconf 78' lang='lat'>402</span> <span class='ocrx_word' id='word_1_221' title='bbox 225 2388 331 2459; x_wconf 83' lang='lat' dir='ltr'>Eu,</span> <span class='ocrx_word' id='word_1_222' title='bbox 369 2391 487 2443; x_wconf 80' lang='lat' dir='ltr'>me&#39;a</span> <span class='ocrx_word' id='word_1_223' title='bbox 523 2392 722 2462; x_wconf 80' lang='lat' dir='ltr'>puella,</span> <span class='ocrx_word' id='word_1_224' title='bbox 761 2392 859 2461; x_wconf 79' lang='lat' dir='ltr'>(e)</span> <span class='ocrx_word' id='word_1_225' title='bbox 902 2394 994 2462; x_wconf 75' lang='lat' dir='ltr'>spe</span> <span class='ocrx_word' id='word_1_226' title='bbox 1032 2393 1246 2463; x_wconf 89' lang='lat' dir='ltr'>quidem</span> <span class='ocrx_word' id='word_1_227' title='bbox 1285 2394 1340 2446; x_wconf 90' lang='lat' dir='ltr'>id</span> <span class='ocrx_word' id='word_1_228' title='bbox 1377 2392 1627 2447; x_wconf 77' lang='lat' dir='ltr'>successit</span> <span class='ocrx_word' id='word_1_229' title='bbox 1666 2393 1780 2445; x_wconf 88' lang='lat' dir='ltr'>tibi.</span> 
     </span>
    </p>
   </div>
   <div class='ocr_carea' id='block_1_8' title="bbox 210 2488 1877 2727">
    <p class='ocr_par' dir='ltr' id='par_1_8' title="bbox 210 2488 1877 2727">
     <span class='ocr_line' id='line_1_33' title="bbox 326 2488 1874 2550; baseline 0.003 -17"><span class='ocrx_word' id='word_1_230' title='bbox 326 2488 473 2534; x_wconf 91' lang='lat' dir='ltr'>Varro</span> <span class='ocrx_word' id='word_1_231' title='bbox 512 2491 568 2535; x_wconf 92' lang='lat' dir='ltr'>de</span> <span class='ocrx_word' id='word_1_232' title='bbox 599 2491 629 2536; x_wconf 91' lang='lat' dir='ltr'>l.</span> <span class='ocrx_word' id='word_1_233' title='bbox 662 2492 808 2540; x_wconf 79' lang='lat' dir='ltr'>LVII</span> <span class='ocrx_word' id='word_1_234' title='bbox 831 2498 887 2538; x_wconf 85' lang='lat'>93</span> <span class='ocrx_word' id='word_1_235' title='bbox 911 2494 972 2537; x_wconf 89' lang='grc' dir='ltr'>Μ.</span> <span class='ocrx_word' id='word_1_236' title='bbox 1037 2495 1203 2539; x_wconf 79' lang='lat' dir='ltr'>‘euax</span> <span class='ocrx_word' id='word_1_237' title='bbox 1241 2494 1434 2539; x_wconf 90' lang='lat' dir='ltr'>uerbum</span> <span class='ocrx_word' id='word_1_238' title='bbox 1471 2493 1591 2538; x_wconf 89' lang='lat' dir='ltr'>nihil</span> <span class='ocrx_word' id='word_1_239' title='bbox 1630 2492 1874 2550; x_wconf 84' lang='lat' dir='ltr'>significat,</span> 
     </span>
     <span class='ocr_line' id='line_1_34' title="bbox 211 2547 1877 2610; baseline 0.004 -21"><span class='ocrx_word' id='word_1_240' title='bbox 211 2547 292 2590; x_wconf 89' lang='lat' dir='ltr'>sed</span> <span class='ocrx_word' id='word_1_241' title='bbox 337 2547 569 2593; x_wconf 87' lang='lat' dir='ltr'>effutitum</span> <span class='ocrx_word' id='word_1_242' title='bbox 612 2551 891 2596; x_wconf 85' lang='lat' dir='ltr'>naturaliter</span> <span class='ocrx_word' id='word_1_243' title='bbox 936 2554 1027 2609; x_wconf 90' lang='lat' dir='ltr'>est,</span> <span class='ocrx_word' id='word_1_244' title='bbox 1073 2554 1127 2600; x_wconf 89' lang='lat' dir='ltr'>ut</span> <span class='ocrx_word' id='word_1_245' title='bbox 1169 2554 1294 2610; x_wconf 89' lang='lat' dir='ltr'>apud</span> <span class='ocrx_word' id='word_1_246' title='bbox 1331 2553 1532 2597; x_wconf 84' lang='lat' dir='ltr'>Ennium</span> <span class='ocrx_word' id='word_1_247' title='bbox 1569 2552 1710 2610; x_wconf 89' lang='lat' dir='ltr'><strong>[VIII]</strong></span> <span class='ocrx_word' id='word_1_248' title='bbox 1750 2552 1877 2609; x_wconf 87' lang='lat' dir='ltr'>apud</span> 
     </span>
     <span class='ocr_line' id='line_1_35' title="bbox 210 2605 1873 2669; baseline 0.004 -21"><span class='ocrx_word' id='word_1_249' title='bbox 210 2605 429 2652; x_wconf 87' lang='lat' dir='ltr'>Ennium:</span> <span class='ocrx_word' id='word_1_250' title='bbox 462 2621 539 2664; x_wconf 91' lang='lat' dir='ltr'>eu,</span> <span class='ocrx_word' id='word_1_251' title='bbox 571 2623 675 2654; x_wconf 89' lang='lat' dir='ltr'>mea</span> <span class='ocrx_word' id='word_1_252' title='bbox 705 2611 768 2667; x_wconf 87' lang='lat' dir='ltr'>p.’</span> <span class='ocrx_word' id='word_1_253' title='bbox 802 2624 840 2654; x_wconf 89' lang='lat' dir='ltr'>e.</span> <span class='ocrx_word' id='word_1_254' title='bbox 873 2626 916 2666; x_wconf 89' lang='lat' dir='ltr'>q.</span> <span class='ocrx_word' id='word_1_255' title='bbox 949 2626 983 2654; x_wconf 90' lang='lat' dir='ltr'>s.</span> <span class='ocrx_word' id='word_1_256' title='bbox 1048 2612 1191 2668; x_wconf 82' lang='lat' dir='ltr'>‘apud</span> <span class='ocrx_word' id='word_1_257' title='bbox 1221 2611 1519 2669; x_wconf 83' lang='lat' dir='ltr'>Pompilium:</span> <span class='ocrx_word' id='word_1_258' title='bbox 1550 2610 1658 2654; x_wconf 91' lang='lat' dir='ltr'>heu’</span> <span class='ocrx_word' id='word_1_259' title='bbox 1693 2623 1729 2654; x_wconf 92' lang='lat' dir='ltr'>e.</span> <span class='ocrx_word' id='word_1_260' title='bbox 1762 2625 1805 2665; x_wconf 89' lang='lat' dir='ltr'>q.</span> <span class='ocrx_word' id='word_1_261' title='bbox 1839 2626 1873 2655; x_wconf 87' lang='lat' dir='ltr'>s.</span> 
     </span>
     <span class='ocr_line' id='line_1_36' title="bbox 211 2664 1871 2727; baseline 0.004 -20"><span class='ocrx_word' id='word_1_262' title='bbox 211 2664 506 2720; x_wconf 84' lang='lat' dir='ltr'>(Naeuium</span> <span class='ocrx_word' id='word_1_263' title='bbox 537 2669 636 2713; x_wconf 87' lang='lat' dir='ltr'>cod.</span> <span class='ocrx_word' id='word_1_264' title='bbox 667 2669 722 2727; x_wconf 93' lang='lat' dir='ltr'>B)</span> <span class='ocrx_word' id='word_1_265' title='bbox 757 2669 954 2714; x_wconf 87' lang='lat' dir='ltr'>fortasse</span> <span class='ocrx_word' id='word_1_266' title='bbox 986 2670 1252 2715; x_wconf 88' lang='lat' dir='ltr'>comoediae</span> <span class='ocrx_word' id='word_1_267' title='bbox 1281 2670 1437 2727; x_wconf 91' lang='lat' dir='ltr'>potius</span> <span class='ocrx_word' id='word_1_268' title='bbox 1468 2668 1798 2714; x_wconf 86' lang='lat' dir='ltr'>adscribendus</span> <span class='ocrx_word' id='word_1_269' title='bbox 1830 2685 1871 2714; x_wconf 81' lang='lat' dir='ltr'>v.</span> 
     </span>
    </p>
   </div>
   <div class='ocr_carea' id='block_1_9' title="bbox 212 2754 1874 2922">
    <p class='ocr_par' dir='ltr' id='par_1_9' title="bbox 212 2754 1874 2922">
     <span class='ocr_line' id='line_1_37' title="bbox 325 2754 1872 2817; baseline 0.003 -20"><span class='ocrx_word' id='word_1_270' title='bbox 325 2754 419 2798; x_wconf 90' lang='lat' dir='ltr'>hau</span> <span class='ocrx_word' id='word_1_271' title='bbox 458 2755 567 2801; x_wconf 84' lang='lat' dir='ltr'>Par.</span> <span class='ocrx_word' id='word_1_272' title='bbox 607 2757 632 2801; x_wconf 85' lang='lat' dir='ltr'><strong><em>b</em></strong></span> <span class='ocrx_word' id='word_1_273' title='bbox 670 2756 761 2800; x_wconf 90' lang='lat' dir='ltr'>heu</span> <span class='ocrx_word' id='word_1_274' title='bbox 792 2775 827 2814; x_wconf 86' lang='grc' dir='ltr'><strong>φ</strong></span> <span class='ocrx_word' id='word_1_275' title='bbox 867 2758 982 2802; x_wconf 85' lang='lat' dir='ltr'>eheu</span> <span class='ocrx_word' id='word_1_276' title='bbox 1013 2760 1146 2817; x_wconf 75' lang='lat' dir='ltr'>vulyo</span> <span class='ocrx_word' id='word_1_277' title='bbox 1271 2772 1350 2815; x_wconf 87' lang='lat' dir='ltr'>spe</span> <span class='ocrx_word' id='word_1_278' title='bbox 1383 2757 1512 2802; x_wconf 80' lang='lat' dir='ltr'>Flor.</span> <span class='ocrx_word' id='word_1_279' title='bbox 1546 2757 1675 2802; x_wconf 76' lang='lat' dir='ltr'>Goth.</span> <span class='ocrx_word' id='word_1_280' title='bbox 1703 2757 1810 2802; x_wconf 84' lang='lat' dir='ltr'>Par.</span> <span class='ocrx_word' id='word_1_281' title='bbox 1843 2770 1872 2802; x_wconf 85' lang='lat' dir='ltr'>a</span> 
     </span>
     <span class='ocr_line' id='line_1_38' title="bbox 212 2813 1874 2871; baseline 0.004 -17"><span class='ocrx_word' id='word_1_282' title='bbox 212 2825 349 2867; x_wconf 82' lang='lat' dir='ltr'>saepe</span> <span class='ocrx_word' id='word_1_283' title='bbox 381 2813 540 2858; x_wconf 84' lang='lat' dir='ltr'>Hawn.</span> <span class='ocrx_word' id='word_1_284' title='bbox 581 2828 687 2871; x_wconf 88' lang='lat' dir='ltr'>sepe</span> <span class='ocrx_word' id='word_1_285' title='bbox 722 2816 837 2865; x_wconf 77' lang='lat' dir='ltr'>Par.</span> <span class='ocrx_word' id='word_1_286' title='bbox 872 2819 901 2862; x_wconf 81' lang='lat' dir='ltr'><strong><em>b</em></strong></span> <span class='ocrx_word' id='word_1_287' title='bbox 1023 2817 1245 2865; x_wconf 87' lang='lat' dir='ltr'>successit</span> <span class='ocrx_word' id='word_1_288' title='bbox 1280 2818 1329 2863; x_wconf 91' lang='grc' dir='ltr'>Ο.</span> <span class='ocrx_word' id='word_1_289' title='bbox 1355 2817 1607 2862; x_wconf 76' lang='lat' dir='ltr'>Muellerus</span> <span class='ocrx_word' id='word_1_290' title='bbox 1645 2815 1874 2861; x_wconf 87' lang='lat' dir='ltr'>succensit</span> 
     </span>
     <span class='ocr_line' id='line_1_39' title="bbox 213 2869 1249 2922; baseline 0.007 -8"><span class='ocrx_word' id='word_1_291' title='bbox 213 2869 341 2916; x_wconf 75' lang='lat' dir='ltr'>Goth.</span> <span class='ocrx_word' id='word_1_292' title='bbox 374 2875 612 2917; x_wconf 87' lang='lat' dir='ltr'>succenset</span> <span class='ocrx_word' id='word_1_293' title='bbox 645 2874 773 2920; x_wconf 80' lang='lat' dir='ltr'>Flor.</span> <span class='ocrx_word' id='word_1_294' title='bbox 807 2888 1047 2921; x_wconf 88' lang='lat' dir='ltr'>succenses</span> <span class='ocrx_word' id='word_1_295' title='bbox 1080 2877 1189 2922; x_wconf 87' lang='lat' dir='ltr'>Par.</span> <span class='ocrx_word' id='word_1_296' title='bbox 1224 2876 1249 2921; x_wconf 80' lang='lat'><em>6</em></span> 
     </span>
    </p>
   </div>
  </div>
 </body>
</html>
