1980 3146
189 107 299 166 '254
881 111 929 155 L.
962 110 1172 155 Acervs

991 249 1062 297 IX

209 342 300 395 Set
350 342 455 395 nisi
502 341 747 394 clamaris
792 342 995 412 regem,
1049 340 1256 393 auferre
1301 343 1525 409 puerum
1573 342 1639 393 ab
1686 342 1874 412 regina

1255 429 1469 498 6ccup0.

103 314 188 353 649

103 388 188 427 650

305 538 425 582 Non.
451 542 550 595 355,
578 543 630 581 11
668 539 970 594 ‘occupare
1003 539 1075 581 est
1103 536 1290 594 proprie
1319 537 1652 594 praeuenire..
1675 538 1868 583 ,Accius

188 597 513 653 Eurysace...
538 596 666 641 idem
696 597 873 641 Pereo
900 632 939 642 ..
958 597 986 641 .’
1037 596 1230 652 (Tereo
1261 595 1445 653 Junius)

308 705 330 744 1
364 700 580 744 clamaris
612 702 831 757 Bothius,
869 702 947 746 ciii
982 701 1204 745 iambicus
1240 702 1521 757 septenarius
1562 702 1745 746 debetwr
1775 701 1868 745 cla-

186 759 328 803 moris
366 770 404 817 ψ
452 759 574 804 clam
612 760 780 804 ΒΘΗ
789 761 803 785 ¹
922 759 1103 803 auferre
1148 772 1344 816 puerum
1389 759 1449 803 ab
1491 759 1656 816 regina
1695 773 1868 817 occupo

187 820 383 867 Bothius
419 818 600 863 auferre
639 821 740 877 (aut
769 819 888 873 ferre
919 819 980 876 L)
1021 818 1080 862 ab
1111 818 1275 875 regina
1307 832 1481 875 occupo
1513 818 1773 876 (occupabo
1804 820 1869 877 B)

185 891 380 934 puerum
411 895 446 922 ω
568 878 649 922 sed
680 878 772 922 nisi
804 877 926 922 clam
955 891 1114 934 regem
1145 877 1237 922 auf.
1271 877 1330 921 ab
1361 877 1525 935 regina
1557 891 1596 922 0.
1634 882 1640 935 ι
1674 891 1868 935 puerum

188 937 425 982 Bentleius

304 1040 494 1096 Dubito,
525 1055 637 1084 num
668 1041 808 1085 Accio
840 1040 1047 1085 tribuam
1077 1040 1168 1086 inc.
1198 1039 1287 1084 inc.
1319 1039 1414 1084 fab.
1448 1039 1604 1086 CXLI.

682 1173 969 1222 THEBAJS
1030 1173 1157 1220 Vide
1188 1190 1236 1235 p.
1271 1174 1376 1221 247

675 1313 981 1383 TROADES
1043 1313 1168 1361 Vide
1201 1330 1246 1376 p.
1283 1315 1385 1362 229

583 1507 586 1510 ,
652 1461 741 1509 ΕΧ
778 1461 1086 1509 INOERTIS
1125 1460 1407 1509 FABVLIS

1014 1573 1040 1619 I

187 1661 347 1715 Multi
385 1663 557 1732 iniqui
597 1667 756 1733 atque
794 1664 1036 1717 infideles
1076 1665 1242 1734 regno
1250 1706 1266 1734 ,
1302 1664 1458 1733 pauci
1496 1663 1749 1717 beniuoli.

305 1778 461 1823 Cicero
495 1779 552 1823 dc
584 1779 658 1823 off.
683 1780 749 1823 ΠΙ
773 1785 843 1837 21,
868 1783 924 1823 84
959 1781 1172 1836 ‘possunt
1202 1779 1327 1823 enim
1357 1779 1575 1834 cuiquam
1600 1792 1700 1822 esse
1724 1778 1866 1823 utiles

187 1852 404 1895 angores,
453 1838 813 1895 sollicitudines,
862 1839 1016 1882 diurni
1056 1841 1103 1883 et
1139 1838 1356 1882 nocturni
1393 1840 1569 1893 metus,
1612 1838 1714 1882 uita
1751 1837 1864 1882 insi-

187 1896 368 1940 diarum
411 1897 814 1954 periculorumque
851 1897 1152 1954 plenissima?
1206 1896 1399 1941 Multi’
1435 1911 1471 1943 e.
1506 1912 1549 1952 q.
1583 1912 1617 1941 s.
1685 1896 1866 1953 ‘inquit

185 1956 365 2000 Accius.
430 1958 479 2000 at
524 1957 613 2000 cui
651 1964 855 2013 regno?
894 1957 1041 2012 quod
1073 1972 1101 2001 a
1133 1956 1377 2000 Tantalo
1410 1959 1465 2000 et
1494 1956 1707 2012 Pelope
1737 1970 1862 2012 pro-

187 2014 365 2058 ditum
396 2015 516 2059 iure
549 2015 955 2060 obtinebatur.'
1003 2016 1135 2060 Atrei
1167 2018 1249 2059 aut
1279 2015 1610 2072 Pelopidarum
1643 2017 1725 2058 aut
1756 2029 1864 2058 con-

185 2073 294 2118 latis
342 2088 397 2118 ex
434 2074 655 2131 Aeschyli
694 2076 856 2132 Agam.
891 2080 976 2119 807
1003 2090 1100 2131 sqq.
1142 2074 1477 2119 Clutemestrae
1523 2074 1735 2130 reliquiis
1783 2074 1864 2117 ad-

188 2133 342 2177 denda
372 2135 492 2178 sunt.

301 2236 519 2281 beneuoli
544 2236 921 2295 »S‘tuerenbwryius
950 2236 1159 2280 beniuoli
1192 2238 1301 2280 sunt
1322 2238 1463 2282 Rern.
1489 2251 1512 2281 c
1542 2236 1655 2279 boni
1689 2237 1796 2279 sunt
1828 2253 1863 2293 φ

188 2297 296 2338 sunt
324 2295 437 2339 boni
468 2297 724 2341 Lambinus

998 2398 1049 2446 II

979 2489 1182 2560 fulguri
1219 2489 1552 2558 praeferuido

186 2574 376 2628 'Ardor
413 2576 638 2629 iniectus
677 2576 897 2629 Iunonis
937 2577 1151 2629 dextera
1190 2578 1396 2648 ingenti
1433 2576 1636 2628 incidit.

305 2692 489 2737 Servius
512 2693 629 2738 Dan.
654 2693 703 2736 in
727 2694 839 2737 Aen.
856 2693 948 2736 142
977 2693 1052 2736 ‘de
1076 2693 1265 2736 Iunonis
1288 2692 1481 2736 fulmine
1504 2690 1671 2734 Accius
1697 2690 1765 2733 ait
1783 2727 1791 2735 .
1806 2727 1814 2734 .
1829 2692 1856 2734 .’

305 2801 327 2838 1
367 2795 543 2852 fulguri
586 2795 879 2852 praeferuido
927 2798 1091 2852 scripsi
1127 2793 1419 2852 praeferuido
1457 2792 1638 2849 fulgore
1679 2793 1860 2838 Servius

100 2888 103 2891 .
186 2852 384 2909 fulguris
420 2856 646 2899 ‘notionem
682 2857 886 2913 flayitari
915 2856 1019 2900 Rue
1057 2868 1227 2912 quoque
1255 2854 1392 2906 vidit,
1431 2853 1511 2908 qui
1540 2851 1858 2907 praeferuido-

187 2924 277 2964 que
298 2911 483 2968 fulgure
504 2915 692 2958 coniecit
768 2918 793 2957 2
819 2914 1009 2957 dextera
1025 2914 1127 2957 Bue
1151 2913 1314 2956 dextra
1330 2928 1364 2954 ω
1389 2923 1413 2953 e
1438 2910 1600 2953 dextra
1617 2913 1859 2956 scribebam
