1980 3146
143 100 250 152 266
691 100 911 145 VARIVS
975 100 1215 145 GRAOCH
1222 101 1288 145 VS

953 240 1004 287 H

850 326 903 375 et
941 323 1247 376 frondosam

219 411 620 481 Semiputatam'
648 413 889 481 queritur
926 412 1107 464 uitem.

259 512 579 569 Philargyrius
610 512 660 556 in
682 513 819 569 Verg.
852 513 948 557 Ecl.
975 518 1022 569 2,
1051 518 1105 557 70
1140 513 1436 557 ‘frondosa
1467 512 1607 557 uitis
1639 515 1730 570 est,
1763 514 1820 557 de

143 585 236 627 qua
267 571 306 615 si
337 571 445 627 quis
477 571 663 626 biberit,
695 571 884 616 insanit.
949 572 1014 616 sic
1038 572 1218 616 Varus
1251 574 1298 616 et
1329 572 1617 628 frondosam,
1649 571 1819 628 inquit‘

144 644 181 675 e.
215 645 256 686 q.
291 646 324 674 S.
388 630 601 686 (Varius
633 631 944 687 Weichertus)

725 804 854 872 GR
863 802 920 871 A
931 803 981 873 O
994 803 1042 872 G
1056 805 1120 871 H
1129 802 1230 873 VS

801 932 1169 981 ATALANTA

148 1030 190 1083 O
231 1032 384 1102 grata
423 1032 580 1083 cardo
589 1075 603 1100 7
642 1032 848 1102 regium
889 1050 1158 1102 egressum
1196 1031 1455 1084 indicans!

260 1131 523 1176 Priscianus
554 1148 597 1188 p.
624 1137 709 1176 683
734 1133 783 1177 P.
835 1132 936 1176 ‘hic
969 1133 1160 1189 cardo,
1194 1132 1409 1177 cardinis.
1443 1133 1636 1189 quidam
1665 1136 1824 1178 tamen

144 1193 350 1235 ueterum
390 1191 533 1235 etiam
564 1191 786 1235 feminino
818 1205 986 1248 genere
1018 1192 1106 1235 hoc
1137 1191 1442 1248 protulerunt.
1508 1192 1742 1236 Gracchus
1773 1193 1823 1236 in

146 1250 370 1294 Atalanta
397 1287 405 1294 .
427 1288 434 1294 .
456 1251 483 1294 .’

819 1316 1148 1365 PELIADES

218 1415 383 1468 Sonat
421 1414 637 1484 inpulsu
676 1415 823 1486 regia
862 1416 1032 1468 cardo.

261 1516 379 1560 Non.
398 1521 498 1572 202,
518 1522 573 1560 20
601 1517 795 1560 ‘cardo
822 1516 1131 1561 ...feminino
1150 1517 1353 1562 Graius
1378 1516 1712 1562 inPeliadibus
1733 1554 1740 1560 .
1762 1553 1770 1561 .
1792 1517 1820 1561 .’

145 1579 328 1633 (graus
359 1575 487 1621 Harl.
522 1575 678 1619 caius
710 1575 871 1620 Vrbin.
899 1580 982 1619 307
1017 1576 1303 1620 Gracchus
1337 1577 1606 1633 Scriverius)

261 1664 449 1721 inpulsu
481 1665 642 1708 Delo-io
672 1663 859 1720 inpulsa
891 1682 924 1707 ω
1017 1666 1304 1710 Monometra
1330 1667 1533 1722 praefert
1562 1681 1595 1710 x

815 1789 1155 1837 THYESTES

145 1888 333 1941 Mersit
372 1888 640 1956 sequentis
679 1887 919 1940 umidum
958 1888 1168 1957 plantas
1206 1888 1443 1941 humum.

261 1987 525 2031 Priscianus
556 2003 600 2045 p.
637 1993 719 2032 719
743 1989 792 2032 Ρ.
859 1989 1079 2031 ‘humus
1111 1988 1251 2034 humi.
1314 1990 1402 2033 hoc
1434 1989 1578 2033 etiam
1607 1991 1824 2033 neutrum

145 2047 194 2090 in
231 2062 310 2090 um
349 2046 564 2090 desinens
603 2046 841 2091 inuenitur
872 2048 997 2104 apud
1028 2050 1208 2091 ueteres
1327 2048 1528 2092 Laeuius
1559 2047 1609 2091 in
1639 2048 1822 2092 Adone:

145 2106 337 2149 humum
366 2105 610 2149 humidum
639 2106 837 2162 pedibus
870 2106 1003 2150 fodit.
1053 2106 1286 2151 Gracchus
1310 2106 1360 2150 in
1383 2107 1609 2164 Thyeste:
1641 2107 1819 2151 mersit’

147 2179 183 2208 e.
217 2180 260 2220 q.
295 2180 327 2208 S.
377 2164 635 2221 (pedibus
663 2165 1002 2209 umidum
1033 2180 1120 2211 om.
1153 2166 1265 2222 Reg.
1301 2181 1329 2209 a
1358 2181 1418 2210 m.
1449 2181 1516 2223 pr.
1586 2180 1822 2223 graccus

145 2224 257 2281 Reg.
298 2239 356 2267 m.
399 2223 479 2267 alt.
519 2231 736 2280 graccus
768 2224 905 2268 Halb.
946 2225 1188 2281 grachus
1227 2225 1281 2269 fr.
1315 2224 1591 2268 Amienense
1623 2227 1822 2282 gratus

146 2283 308 2326 Bamb.
342 2283 474 2326 Bern.
509 2282 637 2327 Grut.
672 2283 810 2339 Sang.
843 2283 1058 2340 Karolir.)

262 2370 450 2427 plantas
484 2372 719 2415 Bentleius
748 2371 924 2427 plantis
958 2389 992 2415 ω

626 2497 715 2543 EX
752 2495 1045 2544 INOERTA
1083 2496 1351 2545 FABVLA

148 2593 446 2662 Purpuram
484 2597 536 2645 et
577 2594 816 2646 diadema

265 2693 333 2737 De
380 2692 535 2736 dubiis
575 2693 841 2738 nominibus
875 2695 1002 2740 CGL.
1028 2695 1070 2739 V
1095 2701 1178 2739 577
1213 2696 1264 2739 K.
1309 2694 1597 2738 ‘diadema
1640 2691 1822 2748 generis

149 2751 321 2807 neutri,
368 2754 422 2795 ut
468 2751 702 2796 Gracchus
731 2789 738 2797 .
761 2790 767 2797 .
789 2754 816 2798 .’
891 2753 1119 2810 (Gracus
1167 2754 1304 2810 libri).
1367 2754 1533 2796 Vtrum
1578 2753 1717 2807 poeta
1764 2765 1825 2794 an

151 2812 306 2853 orator
336 2809 399 2853 sit
428 2810 668 2854 incerbum.

266 2911 517 2953 purpuram
547 2899 786 2955 Hauptius
814 2914 1019 2956 purpura
1050 2918 1084 2942 ω
