1980 3146
793 116 843 162 L.
875 116 1085 161 ACCIVS
1671 115 1780 167 233

220 251 339 295 Non.
371 254 473 308 485,
500 256 525 295 5
562 237 752 294 ‘iteris
784 249 991 307 positum
1020 264 1104 307 pro
1136 246 1318 293 itineris
1345 249 1432 294 ...’

224 337 246 375 1
281 346 369 389 pro
407 333 688 388 paroemiam]
717 333 954 388 particula
989 332 1127 376 habeo
1247 329 1391 374 etiam
1428 331 1597 386 (etcam
1633 329 1694 385 L)
1726 347 1782 374 m:

103 385 167 436 om
198 405 271 435 em
300 390 425 436 iam?
456 393 512 447 cf.
539 406 578 435 v.
604 396 689 435 302
794 396 818 434 2
852 389 1108 447 expromito
1133 392 1186 434 in
1208 392 1336 435 exitu
1356 403 1511 435 versus
1532 404 1565 434 x
1661 388 1783 432 feras

102 451 205 495 Rue
296 464 320 494 e
351 450 492 507 longo
523 466 557 495 x

908 515 981 562 IV

123 599 444 670 Coniugium
481 599 620 652 Pisis
658 601 860 668 petere,
899 602 954 650 at
993 602 1046 650 te
1085 599 1247 650 itiner
1283 598 1498 651 tendere
1749 579 1751 581 .
1788 617 1874 655 500

221 694 340 739 Non.
373 698 476 750 482,
502 698 557 737 26
593 692 796 736 ‘itiner
829 691 1007 735 dictum
1036 705 1120 748 pro
1152 690 1243 735 iter
1268 728 1276 735 .
1297 728 1305 735 .
1327 728 1334 735 .
1356 692 1384 736 .’

221 774 342 818 Pisis
373 775 535 819 Delrio
567 773 689 817 Tisis
721 791 756 817 ω
862 775 1021 830 petere
1052 773 1214 817 Delrio
1243 774 1405 828 patere
1437 790 1471 816 ω
1583 775 1632 816 at
1662 775 1709 817 te
1741 775 1787 831 (a
1870 766 1877 772 “

102 837 150 878 te
182 835 276 891 Ba)
308 851 343 877 ω
376 836 448 891 <=
475 833 534 877 ad
564 835 630 890 te)
722 832 812 876 iter
842 834 920 877 Ba

922 943 969 990 V

102 1029 336 1082 Horrida
365 1029 709 1081 honestittido
733 1014 983 1098 Europae
1012 1027 1338 1097 principium
1368 1027 1544 1096 primo
1578 1029 1643 1079 ex
1669 1027 1787 1079 loco

222 1123 341 1166 Non.
377 1126 476 1178 120,
502 1126 555 1165 31
594 1121 995 1185 ‘honestitudo
1026 1135 1111 1178 pro
1141 1121 1398 1165 honestas.’

221 1204 453 1247 horrenda
489 1196 660 1248 Om'ons
689 1205 764 1261 (cf.
797 1202 987 1248 Skutsch
1017 1203 1172 1248 Plaut.
1205 1209 1246 1247 et
1276 1203 1406 1247 Rom.
1431 1204 1507 1260 48)
1618 1201 1788 1259 princi-

104 1278 217 1323 pum
249 1264 445 1319 Vossius,
476 1265 582 1319 fort.
614 1269 749 1308 recte:
781 1263 837 1318 cf.
863 1266 949 1306 419

908 1372 981 1420 VI

106 1450 226 1522 Ego
266 1453 328 1502 ut
362 1451 534 1505 essem
568 1419 763 1502 'adfinis
800 1449 926 1519 t1'bi,
963 1467 1075 1501 non
1111 1453 1174 1501 ut
1210 1452 1264 1501 te
1304 1449 1694 1520 extinguerem,

107 1539 277 1591 Tuam
315 1539 448 1607 petii
486 1541 728 1609 gnatam.
765 1542 987 1590 1111111010
1027 1541 1081 1590 1ῑο
1121 1534 1393 1608 expugnat
1432 1539 1608 1590 timor.

225 1632 390 1675 Festus
420 1647 465 1688 p.
492 1636 577 1675 170
600 1632 661 1675 Μ.
698 1632 949 1675 ‘numero
979 1631 1177 1675 nimium
1208 1631 1315 1688 cito,
1353 1631 1566 1675 celeriter
1593 1630 1791 1674 nimium

108 1719 165 1724 —
196 1690 365 1734 Accius
396 1690 446 1733 in
479 1690 735 1736 Oenomao:
768 1691 880 1748 ego’
915 1704 952 1735 e.
986 1706 1029 1746 q.
1063 1706 1097 1735 s
1158 1690 1278 1735 Non.
1312 1695 1422 1746 352,
1448 1691 1551 1734 17(
1561 1704 1789 1734 1111111010

108 1750 344 1807 significat
375 1749 481 1795 cito.
544 1749 712 1794 Accius
746 1749 1002 1795 Oenomao:
1032 1763 1261 1793 numero
1292 1752 1347 1793 te
1380 1749 1747 1806 expurgasti.

230 1836 255 1874 2
286 1829 405 1887 petii
434 1832 567 1888 vulyo
597 1830 696 1886 peti
726 1832 821 1876 cod.
912 1833 1106 1888 gnatam
1138 1832 1331 1876 Vrsinus
1360 1833 1506 1887 gnata
1530 1832 1623 1875 cod.
1716 1844 1791 1873 ex—

110 1892 294 1947 pugnat
331 1889 471 1933 timor
506 1890 554 1934 0.
589 1890 842 1935 Muellerus
880 1893 1108 1947 expurgat
1144 1889 1285 1934 timor
1323 1891 1417 1935 cod.
1461 1890 1590 1934 Festi
1628 1903 1791 1946 expur-

109 1949 236 2006 gasti
266 1949 452 1994 Nonius

900 2015 998 2062 VII

113 2091 314 2145 Saxum
345 2092 399 2143 id
430 2092 561 2143 facit
591 2092 986 2168 angustitatem,
1027 2095 1080 2144 et
1112 2092 1211 2144 sub
1245 2110 1305 2144 eo
1339 2109 1466 2143 saxo
1499 2090 1793 2142 exuberans

129 2179 384 2232 Scatebra
421 2181 617 2233 fluuiae
655 2181 798 2232 radit
835 2199 1036 2250 rupem.
1562 2242 1566 2247 ι
1793 2193 1877 2232 505

229 2274 349 2317 Νο11.
385 2278 461 2330 73,
487 2279 544 2317 24
586 2273 1062 2330 ‘angustitatem’
1126 2274 1253 2317 Haec
1283 2274 1478 2316 Paetum
1508 2271 1558 2315 in
1589 2271 1793 2328 epistula

114 2333 173 2376 ad
207 2332 473 2376 Ciceronem
510 2332 777 2376 laudavisse
814 2335 861 2376 et
890 2333 992 2389 ipse
1023 2336 1202 2388 quaest.
1237 2346 1356 2376 scen.
1388 2347 1431 2387 p.
1459 2336 1544 2374 333
1577 2330 1714 2374 docui
1745 2333 1794 2374 et

111 2391 295 2434 monuit
324 2391 590 2435 Krahnerus
629 2391 680 2434 in
709 2391 902 2449 Bergkii
934 2392 1111 2449 ephem.
1141 2396 1253 2435 1852
1285 2406 1328 2447 p.
1356 2395 1462 2435 398:
1501 2389 1575 2432 illi
1603 2403 1793 2446 respon-

116 2451 229 2494 dens
277 2450 434 2495 Cicero
490 2451 551 2494 ad
602 2451 710 2496 fam.
741 2451 805 2494 IX
839 2456 915 2507 16,
939 2457 968 2494 4
1015 2451 1190 2495 adlusit
1235 2450 1329 2495 his:
1387 2450 1546 2504 ‘quam
1590 2450 1650 2492 ob
1695 2462 1794 2492 rem

118 2509 396 2553 Oenomao
442 2512 524 2554 tuo
570 2509 691 2552 nihil
737 2512 862 2566 utor3
918 2510 1008 2554 etsi
1052 2509 1252 2567 posuisti
1297 2509 1399 2552 loco
1446 2521 1643 2551 uersus
1689 2509 1792 2551 Ac-

115 2568 322 2613 cianos.
386 2569 467 2612 sed
499 2582 618 2624 quae
651 2571 722 2612 est
752 2568 1005 2614 inuidia?
1037 2571 1120 2613 aut
1151 2568 1263 2624 quid
1293 2567 1409 2610 mihi
1438 2581 1561 2610 nunc
1591 2566 1793 2610 inuideri

54 2676 58 2680 ⁴
114 2630 301 2683 potest?
327 2664 454 2673 .....
479 2628 548 2671 ita
579 2628 632 2671 fit
662 2630 716 2671 ut
759 2630 807 2671 et
845 2628 1145 2672 consiliorum
1183 2626 1470 2683 superiorum
1508 2625 1794 2669 conscientia

116 2689 165 2730 et
208 2686 467 2743 praesentis
513 2686 735 2743 temporis
780 2687 1100 2731 modeiatione
1146 2700 1218 2729 me
1266 2684 1496 2739 consoler,
1545 2686 1592 2728 et
1634 2684 1794 2727 illam

116 2745 277 2788 Accii
309 2745 753 2789 similitudinem
781 2761 890 2790 non
922 2747 1105 2805 [modo'
1147 2747 1272 2788 recte
1305 2744 1393 2788 del
1418 2743 1673 2801 Emesti]‘
1684 2742 1794 2786 iam

117 2804 183 2846 ad
222 2804 524 2861 inuidiam,
564 2805 645 2848 sed
684 2805 745 2848 ad
782 2805 1018 2849 fortunam
1054 2804 1354 2859 transferam,
1398 2816 1540 2858 quam
1578 2801 1792 2845 existimo

115 2861 269 2906 leuem
322 2865 369 2907 et
421 2863 692 2907 inbecillam
746 2864 805 2907 ab
852 2864 1007 2907 animo
1053 2863 1183 2906 firmo
1231 2865 1279 2906 et
1324 2861 1459 2918 graui
1509 2863 1794 2916 tamquam
1823 2883 1826 2885 Δ

114 2920 359 2965 fluctum
391 2937 418 2965 a
452 2937 585 2967 saxo
617 2922 807 2979 frangi
839 2923 1082 2980 oportere.’
