<?xml version="1.0" encoding="UTF-8"?>
<!DOCTYPE html PUBLIC "-//W3C//DTD XHTML 1.0 Transitional//EN"
    "http://www.w3.org/TR/xhtml1/DTD/xhtml1-transitional.dtd">
<html xmlns="http://www.w3.org/1999/xhtml" xml:lang="en" lang="en">
 <head>
  <title>
</title>
<meta http-equiv="Content-Type" content="text/html;charset=utf-8" />
  <meta name='ocr-system' content='tesseract 3.04.00' />
  <meta name='ocr-capabilities' content='ocr_page ocr_carea ocr_par ocr_line ocrx_word'/>
</head>
<body>
  <div class='ocr_page' id='page_1' title='image "./fragscaenicaeromr01ribbuoft/fragscaenicaeromr01ribbuoft_0265.png"; bbox 0 0 1980 3146; ppageno 0'>
   <div class='ocr_carea' id='block_1_1' title="bbox 802 90 1790 150">
    <p class='ocr_par' dir='ltr' id='par_1_1' title="bbox 802 90 1790 150">
     <span class='ocr_line' id='line_1_1' title="bbox 802 90 1790 150; baseline 0.008 -7"><span class='ocrx_word' id='word_1_1' title='bbox 802 100 852 143; x_wconf 87' lang='lat' dir='ltr'>L.</span> <span class='ocrx_word' id='word_1_2' title='bbox 885 99 1094 144; x_wconf 72' lang='lat' dir='ltr'>Accivs</span> <span class='ocrx_word' id='word_1_3' title='bbox 1555 90 1560 91; x_wconf 67' lang='grc'><em>’</em></span> <span class='ocrx_word' id='word_1_4' title='bbox 1682 98 1790 150; x_wconf 79' lang='grc'>253</span> 
     </span>
    </p>
   </div>
   <div class='ocr_carea' id='block_1_2' title="bbox 112 239 1794 395">
    <p class='ocr_par' dir='ltr' id='par_1_2' title="bbox 112 239 1794 395">
     <span class='ocr_line' id='line_1_2' title="bbox 914 239 988 287; baseline -0.027 0"><span class='ocrx_word' id='word_1_5' title='bbox 914 239 988 287; x_wconf 91' lang='lat' dir='ltr'>IV</span> 
     </span>
     <span class='ocr_line' id='line_1_3' title="bbox 112 319 1794 395; baseline -0.002 -17"><span class='ocrx_word' id='word_1_6' title='bbox 112 319 287 378; x_wconf 77' lang='lat' dir='ltr'>Delim</span> <span class='ocrx_word' id='word_1_7' title='bbox 328 323 664 395; x_wconf 83' lang='lat' dir='ltr'>Cadmogena</span> <span class='ocrx_word' id='word_1_8' title='bbox 702 324 888 376; x_wconf 74' lang='lat' dir='ltr'>natum</span> <span class='ocrx_word' id='word_1_9' title='bbox 920 322 1128 377; x_wconf 83' lang='lat' dir='ltr'>Semela</span> <span class='ocrx_word' id='word_1_10' title='bbox 1166 323 1345 376; x_wconf 71' lang='lat' dir='ltr'>adfare</span> <span class='ocrx_word' id='word_1_11' title='bbox 1384 326 1437 375; x_wconf 89' lang='lat' dir='ltr'>et</span> <span class='ocrx_word' id='word_1_12' title='bbox 1471 322 1794 375; x_wconf 78' lang='lat' dir='ltr'>famulanter</span> 
     </span>
    </p>
   </div>
   <div class='ocr_carea' id='block_1_3' title="bbox 1173 415 1308 481">
    <p class='ocr_par' dir='ltr' id='par_1_3' title="bbox 1173 415 1308 481">
     <span class='ocr_line' id='line_1_4' title="bbox 1173 415 1308 481; baseline 0.007 -17"><span class='ocrx_word' id='word_1_13' title='bbox 1173 415 1308 481; x_wconf 86' lang='lat' dir='ltr'>pete.</span> 
     </span>
    </p>
   </div>
   <div class='ocr_carea' id='block_1_4' title="bbox 112 505 1795 683">
    <p class='ocr_par' dir='ltr' id='par_1_4' title="bbox 112 505 1795 683">
     <span class='ocr_line' id='line_1_5' title="bbox 231 505 1795 563; baseline -0.002 -12"><span class='ocrx_word' id='word_1_14' title='bbox 231 507 349 551; x_wconf 88' lang='lat' dir='ltr'>Non.</span> <span class='ocrx_word' id='word_1_15' title='bbox 377 512 476 563; x_wconf 84' lang='lat'>111,</span> <span class='ocrx_word' id='word_1_16' title='bbox 502 511 557 550; x_wconf 83' lang='grc'>27</span> <span class='ocrx_word' id='word_1_17' title='bbox 593 505 972 550; x_wconf 80' lang='lat' dir='ltr'>‘famulanter</span> <span class='ocrx_word' id='word_1_18' title='bbox 994 520 1077 562; x_wconf 92' lang='lat' dir='ltr'>pro</span> <span class='ocrx_word' id='word_1_19' title='bbox 1104 505 1388 562; x_wconf 82' lang='lat' dir='ltr'>suppliciter</span> <span class='ocrx_word' id='word_1_20' title='bbox 1396 506 1409 526; x_wconf 92' lang='lat'>’</span> <span class='ocrx_word' id='word_1_21' title='bbox 1457 505 1588 548; x_wconf 89' lang='lat' dir='ltr'>Idem</span> <span class='ocrx_word' id='word_1_22' title='bbox 1610 510 1712 561; x_wconf 90' lang='lat'>463,</span> <span class='ocrx_word' id='word_1_23' title='bbox 1739 509 1795 548; x_wconf 91' lang='lat'>24</span> 
     </span>
     <span class='ocr_line' id='line_1_6' title="bbox 112 563 1794 683; baseline -0.003 -72"><span class='ocrx_word' id='word_1_24' title='bbox 112 566 350 683; x_wconf 46' lang='lat' dir='ltr'>nggtagli</span> <span class='ocrx_word' id='word_1_25' title='bbox 362 581 456 610; x_wconf 92' lang='lat' dir='ltr'>non</span> <span class='ocrx_word' id='word_1_26' title='bbox 487 565 638 610; x_wconf 84' lang='lat' dir='ltr'>solum</span> <span class='ocrx_word' id='word_1_27' title='bbox 667 565 946 622; x_wconf 82' lang='lat' dir='ltr'>respondere</span> <span class='ocrx_word' id='word_1_28' title='bbox 976 564 1054 633; x_wconf 87' lang='lat' dir='ltr'>uel</span> <span class='ocrx_word' id='word_1_29' title='bbox 1084 564 1310 621; x_wconf 87' lang='lat' dir='ltr'>fabulari,</span> <span class='ocrx_word' id='word_1_30' title='bbox 1343 563 1423 608; x_wconf 87' lang='lat' dir='ltr'>sed</span> <span class='ocrx_word' id='word_1_31' title='bbox 1456 563 1600 608; x_wconf 88' lang='lat' dir='ltr'>etiam</span> <span class='ocrx_word' id='word_1_32' title='bbox 1630 575 1794 621; x_wconf 84' lang='lat' dir='ltr'>rogare</span> 
     </span>
    </p>
   </div>
   <div class='ocr_carea' id='block_1_5' title="bbox 114 703 1795 881">
    <p class='ocr_par' dir='ltr' id='par_1_5' title="bbox 114 703 1795 881">
     <span class='ocr_line' id='line_1_7' title="bbox 234 703 1795 763; baseline -0.002 -13"><span class='ocrx_word' id='word_1_33' title='bbox 234 706 519 763; x_wconf 86' lang='lat' dir='ltr'>Cadmigena</span> <span class='ocrx_word' id='word_1_34' title='bbox 548 707 714 750; x_wconf 87' lang='lat' dir='ltr'>natum</span> <span class='ocrx_word' id='word_1_35' title='bbox 739 704 922 749; x_wconf 86' lang='lat' dir='ltr'>Semela</span> <span class='ocrx_word' id='word_1_36' title='bbox 947 706 1131 749; x_wconf 78' lang='lat' dir='ltr'><strong><em>Vossius</em></strong></span> <span class='ocrx_word' id='word_1_37' title='bbox 1155 704 1328 749; x_wconf 82' lang='lat' dir='ltr'>Cadmo</span> <span class='ocrx_word' id='word_1_38' title='bbox 1352 706 1629 762; x_wconf 84' lang='lat' dir='ltr'>generatum</span> <span class='ocrx_word' id='word_1_39' title='bbox 1652 703 1795 747; x_wconf 86' lang='lat' dir='ltr'>semel</span> 
     </span>
     <span class='ocr_line' id='line_1_8' title="bbox 114 763 1794 823; baseline -0.002 -13"><span class='ocrx_word' id='word_1_40' title='bbox 114 781 224 823; x_wconf 10' lang='lat' dir='ltr'>wop.</span> <span class='ocrx_word' id='word_1_41' title='bbox 249 771 336 810; x_wconf 88' lang='lat'>463</span> <span class='ocrx_word' id='word_1_42' title='bbox 369 765 592 810; x_wconf 84' lang='lat' dir='ltr'>Catmoue</span> <span class='ocrx_word' id='word_1_43' title='bbox 623 766 788 808; x_wconf 89' lang='lat' dir='ltr'>natum</span> <span class='ocrx_word' id='word_1_44' title='bbox 818 763 1001 808; x_wconf 83' lang='lat' dir='ltr'>Semela</span> <span class='ocrx_word' id='word_1_45' title='bbox 1032 781 1067 807; x_wconf 91' lang='grc' dir='ltr'><em>ω</em></span> <span class='ocrx_word' id='word_1_46' title='bbox 1094 766 1143 820; x_wconf 71' lang='lat'>10.</span> <span class='ocrx_word' id='word_1_47' title='bbox 1172 768 1254 807; x_wconf 91' lang='lat'>111</span> <span class='ocrx_word' id='word_1_48' title='bbox 1377 765 1443 822; x_wconf 90' lang='lat' dir='ltr'>et]</span> <span class='ocrx_word' id='word_1_49' title='bbox 1476 763 1527 807; x_wconf 85' lang='lat' dir='ltr'>ef</span> <span class='ocrx_word' id='word_1_50' title='bbox 1552 764 1617 807; x_wconf 87' lang='lat' dir='ltr'><em>W</em></span> <span class='ocrx_word' id='word_1_51' title='bbox 1634 778 1682 820; x_wconf 78' lang='lat' dir='ltr'>p.</span> <span class='ocrx_word' id='word_1_52' title='bbox 1707 763 1794 807; x_wconf 85' lang='grc'>463</span> 
     </span>
     <span class='ocr_line' id='line_1_9' title="bbox 203 823 1714 881; baseline -0.001 -13"><span class='ocrx_word' id='word_1_53' title='bbox 203 824 485 869; x_wconf 87' lang='lat' dir='ltr'>famularent</span> <span class='ocrx_word' id='word_1_54' title='bbox 513 826 788 881; x_wconf 87' lang='lat' dir='ltr'>perpetuere</span> <span class='ocrx_word' id='word_1_55' title='bbox 819 841 853 867; x_wconf 87' lang='grc' dir='ltr'><em>ω</em></span> <span class='ocrx_word' id='word_1_56' title='bbox 879 838 929 880; x_wconf 75' lang='lat' dir='ltr'>p.</span> <span class='ocrx_word' id='word_1_57' title='bbox 954 828 1055 879; x_wconf 88' lang='grc'>463,</span> <span class='ocrx_word' id='word_1_58' title='bbox 1086 824 1181 868; x_wconf 69' lang='lat' dir='ltr'>&#39;nisi</span> <span class='ocrx_word' id='word_1_59' title='bbox 1211 825 1330 880; x_wconf 75' lang='lat' dir='ltr'>quod</span> <span class='ocrx_word' id='word_1_60' title='bbox 1358 824 1604 879; x_wconf 89' lang='lat' dir='ltr'>perpeture</span> <span class='ocrx_word' id='word_1_61' title='bbox 1636 823 1714 867; x_wconf 85' lang='lat' dir='ltr'>Ba-</span> 
     </span>
    </p>
   </div>
   <div class='ocr_carea' id='block_1_6' title="bbox 930 932 977 979">
    <p class='ocr_par' dir='ltr' id='par_1_6' title="bbox 930 932 977 979">
     <span class='ocr_line' id='line_1_10' title="bbox 930 932 977 979; baseline 0 -41"><span class='ocrx_word' id='word_1_62' title='bbox 930 932 977 979; x_wconf 72' lang='lat' dir='ltr'><strong>V</strong></span> 
     </span>
    </p>
   </div>
   <div class='ocr_carea' id='block_1_7' title="bbox 115 1016 1754 1169">
    <p class='ocr_par' dir='ltr' id='par_1_7' title="bbox 115 1016 1754 1169">
     <span class='ocr_line' id='line_1_11' title="bbox 115 1016 1754 1087; baseline -0.002 -16"><span class='ocrx_word' id='word_1_63' title='bbox 115 1018 308 1071; x_wconf 74' lang='lat' dir='ltr'>Famae</span> <span class='ocrx_word' id='word_1_64' title='bbox 347 1019 453 1081; x_wconf 86' lang='lat' dir='ltr'>iam</span> <span class='ocrx_word' id='word_1_65' title='bbox 491 1018 749 1071; x_wconf 71' lang='lat' dir='ltr'>nobilitas</span> <span class='ocrx_word' id='word_1_66' title='bbox 787 1018 894 1081; x_wconf 87' lang='lat' dir='ltr'>late</span> <span class='ocrx_word' id='word_1_67' title='bbox 932 1036 998 1070; x_wconf 84' lang='lat' dir='ltr'>ex</span> <span class='ocrx_word' id='word_1_68' title='bbox 1035 1016 1201 1087; x_wconf 80' lang='lat' dir='ltr'>stirpe</span> <span class='ocrx_word' id='word_1_69' title='bbox 1239 1017 1510 1087; x_wconf 83' lang='lat' dir='ltr'>praeclara</span> <span class='ocrx_word' id='word_1_70' title='bbox 1549 1017 1754 1086; x_wconf 72' lang='lat' dir='ltr'>euagat.</span> 
     </span>
     <span class='ocr_line' id='line_1_12' title="bbox 233 1111 1254 1169; baseline 0 -13"><span class='ocrx_word' id='word_1_71' title='bbox 233 1112 351 1156; x_wconf 88' lang='lat' dir='ltr'>Non.</span> <span class='ocrx_word' id='word_1_72' title='bbox 384 1117 486 1168; x_wconf 82' lang='lat'>467,</span> <span class='ocrx_word' id='word_1_73' title='bbox 513 1117 567 1167; x_wconf 84' lang='lat'>28</span> <span class='ocrx_word' id='word_1_74' title='bbox 603 1113 804 1168; x_wconf 82' lang='lat' dir='ltr'>‘uagas</span> <span class='ocrx_word' id='word_1_75' title='bbox 835 1125 919 1168; x_wconf 92' lang='lat' dir='ltr'>pro</span> <span class='ocrx_word' id='word_1_76' title='bbox 950 1111 1139 1169; x_wconf 84' lang='lat' dir='ltr'>uagaris</span> <span class='ocrx_word' id='word_1_77' title='bbox 1166 1111 1254 1156; x_wconf 78' lang='lat'><strong><em>...³</em></strong></span> 
     </span>
    </p>
   </div>
   <div class='ocr_carea' id='block_1_8' title="bbox 205 1191 1795 1312">
    <p class='ocr_par' dir='ltr' id='par_1_8' title="bbox 205 1191 1795 1312">
     <span class='ocr_line' id='line_1_13' title="bbox 234 1191 1795 1241; baseline -0.001 -5"><span class='ocrx_word' id='word_1_78' title='bbox 234 1193 400 1241; x_wconf 72' lang='lat' dir='ltr'>famae,</span> <span class='ocrx_word' id='word_1_79' title='bbox 430 1194 618 1239; x_wconf 78' lang='lat' dir='ltr'>Grotius</span> <span class='ocrx_word' id='word_1_80' title='bbox 657 1192 833 1237; x_wconf 86' lang='lat' dir='ltr'>famam</span> <span class='ocrx_word' id='word_1_81' title='bbox 863 1210 897 1236; x_wconf 88' lang='grc' dir='ltr'><strong>ω</strong></span> <span class='ocrx_word' id='word_1_82' title='bbox 1018 1192 1114 1236; x_wconf 89' lang='lat' dir='ltr'>iam</span> <span class='ocrx_word' id='word_1_83' title='bbox 1151 1194 1219 1237; x_wconf 82' lang='lat' dir='ltr'>vel</span> <span class='ocrx_word' id='word_1_84' title='bbox 1258 1191 1382 1236; x_wconf 86' lang='lat' dir='ltr'>enirn</span> <span class='ocrx_word' id='word_1_85' title='bbox 1420 1193 1591 1237; x_wconf 76' lang='lat' dir='ltr'>conieci</span> <span class='ocrx_word' id='word_1_86' title='bbox 1620 1206 1730 1235; x_wconf 88' lang='lat' dir='ltr'>nam</span> <span class='ocrx_word' id='word_1_87' title='bbox 1760 1209 1795 1235; x_wconf 90' lang='grc' dir='ltr'><em>ω</em></span> 
     </span>
     <span class='ocr_line' id='line_1_14' title="bbox 205 1250 1581 1312; baseline -0.001 -16"><span class='ocrx_word' id='word_1_88' title='bbox 205 1252 400 1298; x_wconf 88' lang='lat' dir='ltr'>famam:</span> <span class='ocrx_word' id='word_1_89' title='bbox 431 1267 542 1296; x_wconf 90' lang='lat' dir='ltr'>nam</span> <span class='ocrx_word' id='word_1_90' title='bbox 572 1254 675 1297; x_wconf 78' lang='lat' dir='ltr'>Rue</span> <span class='ocrx_word' id='word_1_91' title='bbox 764 1252 861 1295; x_wconf 89' lang='lat' dir='ltr'>late</span> <span class='ocrx_word' id='word_1_92' title='bbox 896 1252 1084 1312; x_wconf 68' lang='lat' dir='ltr'>Grotius</span> <span class='ocrx_word' id='word_1_93' title='bbox 1114 1251 1214 1296; x_wconf 86' lang='lat' dir='ltr'>lata</span> <span class='ocrx_word' id='word_1_94' title='bbox 1246 1269 1280 1295; x_wconf 92' lang='grc' dir='ltr'><em>ω</em></span> <span class='ocrx_word' id='word_1_95' title='bbox 1370 1250 1491 1308; x_wconf 88' lang='lat' dir='ltr'>tirpe</span> <span class='ocrx_word' id='word_1_96' title='bbox 1517 1252 1581 1295; x_wconf 89' lang='lat' dir='ltr'><em>W</em></span> 
     </span>
    </p>
   </div>
   <div class='ocr_carea' id='block_1_9' title="bbox 908 1362 1560 1515">
    <p class='ocr_par' dir='ltr' id='par_1_9' title="bbox 908 1362 1560 1515">
     <span class='ocr_line' id='line_1_15' title="bbox 918 1362 991 1408; baseline 0 0"><span class='ocrx_word' id='word_1_97' title='bbox 918 1362 991 1408; x_wconf 93' lang='lat' dir='ltr'>VI</span> 
     </span>
     <span class='ocr_line' id='line_1_16' title="bbox 908 1446 1560 1515; baseline 0 -18"><span class='ocrx_word' id='word_1_98' title='bbox 908 1447 1083 1498; x_wconf 81' lang='lat' dir='ltr'>n6uus</span> <span class='ocrx_word' id='word_1_99' title='bbox 1121 1464 1262 1499; x_wconf 91' lang='lat' dir='ltr'>nouo</span> <span class='ocrx_word' id='word_1_100' title='bbox 1301 1446 1340 1515; x_wconf 81' lang='lat'>†</span> <span class='ocrx_word' id='word_1_101' title='bbox 1355 1446 1560 1512; x_wconf 56' lang='lat' dir='ltr'>⁴dabunt</span> 
     </span>
    </p>
   </div>
   <div class='ocr_carea' id='block_1_10' title="bbox 115 1533 1884 1604">
    <p class='ocr_par' dir='ltr' id='par_1_10' title="bbox 115 1533 1884 1604">
     <span class='ocr_line' id='line_1_17' title="bbox 115 1533 1884 1604; baseline -0.002 -17"><span class='ocrx_word' id='word_1_102' title='bbox 115 1533 354 1587; x_wconf 90' lang='lat' dir='ltr'>&#39;Aduena</span> <span class='ocrx_word' id='word_1_103' title='bbox 392 1535 570 1588; x_wconf 87' lang='lat' dir='ltr'>animo</span> <span class='ocrx_word' id='word_1_104' title='bbox 609 1534 795 1587; x_wconf 74' lang='lat' dir='ltr'>audaci</span> <span class='ocrx_word' id='word_1_105' title='bbox 834 1535 891 1587; x_wconf 89' lang='lat' dir='ltr'>in</span> <span class='ocrx_word' id='word_1_106' title='bbox 927 1535 1163 1587; x_wconf 89' lang='lat' dir='ltr'>medium</span> <span class='ocrx_word' id='word_1_107' title='bbox 1200 1535 1431 1604; x_wconf 72' lang='lat' dir='ltr'>proripit</span> <span class='ocrx_word' id='word_1_108' title='bbox 1468 1535 1580 1587; x_wconf 78' lang='lat' dir='ltr'>sese</span> <span class='ocrx_word' id='word_1_109' title='bbox 1617 1533 1782 1585; x_wconf 84' lang='lat' dir='ltr'>ferox.</span> <span class='ocrx_word' id='word_1_110' title='bbox 1800 1546 1884 1585; x_wconf 82' lang='lat'>645</span> 
     </span>
    </p>
   </div>
   <div class='ocr_carea' id='block_1_11' title="bbox 116 1626 1796 1744">
    <p class='ocr_par' dir='ltr' id='par_1_11' title="bbox 116 1626 1796 1744">
     <span class='ocr_line' id='line_1_18' title="bbox 235 1626 1796 1682; baseline -0.001 -11"><span class='ocrx_word' id='word_1_111' title='bbox 235 1629 353 1672; x_wconf 88' lang='lat' dir='ltr'>Non.</span> <span class='ocrx_word' id='word_1_112' title='bbox 386 1633 496 1682; x_wconf 86' lang='lat'>425,</span> <span class='ocrx_word' id='word_1_113' title='bbox 521 1633 576 1672; x_wconf 89' lang='lat'>23</span> <span class='ocrx_word' id='word_1_114' title='bbox 628 1627 777 1671; x_wconf 75' lang='lat' dir='ltr'>‘ferus</span> <span class='ocrx_word' id='word_1_115' title='bbox 824 1630 872 1672; x_wconf 92' lang='lat' dir='ltr'>et</span> <span class='ocrx_word' id='word_1_116' title='bbox 917 1628 1078 1672; x_wconf 85' lang='lat' dir='ltr'>ferox</span> <span class='ocrx_word' id='word_1_117' title='bbox 1122 1628 1243 1672; x_wconf 84' lang='lat' dir='ltr'>hane</span> <span class='ocrx_word' id='word_1_118' title='bbox 1285 1628 1464 1672; x_wconf 88' lang='lat' dir='ltr'>habent</span> <span class='ocrx_word' id='word_1_119' title='bbox 1501 1626 1796 1671; x_wconf 72' lang='lat' dir='ltr'>distantiam:</span> 
     </span>
     <span class='ocr_line' id='line_1_19' title="bbox 116 1687 919 1744; baseline 0 -13"><span class='ocrx_word' id='word_1_120' title='bbox 116 1688 241 1732; x_wconf 84' lang='lat' dir='ltr'>ferus</span> <span class='ocrx_word' id='word_1_121' title='bbox 271 1689 345 1735; x_wconf 70' lang='lat' dir='ltr'>,est</span> <span class='ocrx_word' id='word_1_122' title='bbox 376 1701 557 1744; x_wconf 81' lang='lat' dir='ltr'>saeuus,</span> <span class='ocrx_word' id='word_1_123' title='bbox 589 1687 719 1731; x_wconf 83' lang='lat' dir='ltr'>ferox</span> <span class='ocrx_word' id='word_1_124' title='bbox 749 1687 919 1731; x_wconf 83' lang='lat' dir='ltr'>fortis.’</span> 
     </span>
    </p>
   </div>
   <div class='ocr_carea' id='block_1_12' title="bbox 116 1767 1799 1886">
    <p class='ocr_par' dir='ltr' id='par_1_12' title="bbox 116 1767 1799 1886">
     <span class='ocr_line' id='line_1_20' title="bbox 234 1767 1799 1825; baseline 0 -13"><span class='ocrx_word' id='word_1_125' title='bbox 234 1783 359 1813; x_wconf 86' lang='lat' dir='ltr'>noua</span> <span class='ocrx_word' id='word_1_126' title='bbox 390 1769 446 1812; x_wconf 89' lang='lat' dir='ltr'><strong><em>H</em></strong></span> <span class='ocrx_word' id='word_1_127' title='bbox 456 1769 470 1793; x_wconf 88' lang='lat'>¹</span> <span class='ocrx_word' id='word_1_128' title='bbox 590 1769 773 1813; x_wconf 87' lang='lat' dir='ltr'>dabunt</span> <span class='ocrx_word' id='word_1_129' title='bbox 809 1771 1013 1814; x_wconf 74' lang='lat' dir='ltr'>nondum</span> <span class='ocrx_word' id='word_1_130' title='bbox 1050 1775 1265 1814; x_wconf 75' lang='lat' dir='ltr'>sanatum</span> <span class='ocrx_word' id='word_1_131' title='bbox 1299 1767 1523 1825; x_wconf 84' lang='lat' dir='ltr'>(peric-ulo</span> <span class='ocrx_word' id='word_1_132' title='bbox 1553 1768 1799 1812; x_wconf 71' lang='lat' dir='ltr'>sententiae</span> 
     </span>
     <span class='ocr_line' id='line_1_21' title="bbox 116 1827 1754 1886; baseline -0.002 -13"><span class='ocrx_word' id='word_1_133' title='bbox 116 1829 333 1884; x_wconf 68' lang='lat' dir='ltr'>sufficiat,</span> <span class='ocrx_word' id='word_1_134' title='bbox 366 1827 596 1872; x_wconf 86' lang='lat' dir='ltr'>auunculo</span> <span class='ocrx_word' id='word_1_135' title='bbox 630 1829 738 1872; x_wconf 75' lang='lat' dir='ltr'>olim</span> <span class='ocrx_word' id='word_1_136' title='bbox 766 1830 950 1886; x_wconf 74' lang='lat' dir='ltr'>scripsi:</span> <span class='ocrx_word' id='word_1_137' title='bbox 981 1830 1039 1884; x_wconf 80' lang='lat' dir='ltr'>ef.</span> <span class='ocrx_word' id='word_1_138' title='bbox 1072 1830 1222 1874; x_wconf 78' lang='lat' dir='ltr'>coroll.</span> <span class='ocrx_word' id='word_1_139' title='bbox 1254 1827 1356 1871; x_wconf 89' lang='lat' dir='ltr'>LXI</span> <span class='ocrx_word' id='word_1_140' title='bbox 1370 1830 1450 1884; x_wconf 75' lang='lat' dir='ltr'><strong>sq.)</strong></span> <span class='ocrx_word' id='word_1_141' title='bbox 1481 1827 1619 1870; x_wconf 90' lang='lat' dir='ltr'>modo</span> <span class='ocrx_word' id='word_1_142' title='bbox 1650 1827 1754 1870; x_wconf 80' lang='lat' dir='ltr'>Bue</span> 
     </span>
    </p>
   </div>
   <div class='ocr_carea' id='block_1_13' title="bbox 118 1938 1798 2093">
    <p class='ocr_par' dir='ltr' id='par_1_13' title="bbox 118 1938 1798 2093">
     <span class='ocr_line' id='line_1_22' title="bbox 908 1938 1007 1986; baseline 0.02 -2"><span class='ocrx_word' id='word_1_143' title='bbox 908 1938 1007 1986; x_wconf 91' lang='lat' dir='ltr'>VII</span> 
     </span>
     <span class='ocr_line' id='line_1_23' title="bbox 118 1994 1798 2093; baseline -0.002 -18"><span class='ocrx_word' id='word_1_144' title='bbox 118 2020 259 2075; x_wconf 88' lang='lat' dir='ltr'>&#39;Alia</span> <span class='ocrx_word' id='word_1_145' title='bbox 295 2021 384 2074; x_wconf 86' lang='lat' dir='ltr'>hio</span> <span class='ocrx_word' id='word_1_146' title='bbox 422 2023 722 2076; x_wconf 71' lang='lat' dir='ltr'>sanctitiido</span> <span class='ocrx_word' id='word_1_147' title='bbox 763 2025 864 2093; x_wconf 83' lang='lat' dir='ltr'>est,</span> <span class='ocrx_word' id='word_1_148' title='bbox 902 2022 1050 2075; x_wconf 87' lang='lat' dir='ltr'>aliud</span> <span class='ocrx_word' id='word_1_149' title='bbox 1087 1994 1282 2075; x_wconf 74' lang='lat' dir='ltr'>nomen</span> <span class='ocrx_word' id='word_1_150' title='bbox 1320 2025 1374 2074; x_wconf 93' lang='lat' dir='ltr'>et</span> <span class='ocrx_word' id='word_1_151' title='bbox 1410 2022 1609 2073; x_wconf 77' lang='lat' dir='ltr'>numen</span> <span class='ocrx_word' id='word_1_152' title='bbox 1637 2018 1798 2072; x_wconf 82' lang='lat' dir='ltr'>Iouis,</span> 
     </span>
    </p>
   </div>
   <div class='ocr_carea' id='block_1_14' title="bbox 236 2115 1679 2254">
    <p class='ocr_par' dir='ltr' id='par_1_14' title="bbox 236 2115 1679 2254">
     <span class='ocr_line' id='line_1_24' title="bbox 237 2115 1374 2172; baseline 0.001 -14"><span class='ocrx_word' id='word_1_153' title='bbox 237 2115 356 2159; x_wconf 88' lang='lat' dir='ltr'>Non.</span> <span class='ocrx_word' id='word_1_154' title='bbox 392 2120 490 2171; x_wconf 82' lang='lat'>173,</span> <span class='ocrx_word' id='word_1_155' title='bbox 516 2121 572 2160; x_wconf 89' lang='lat'>26</span> <span class='ocrx_word' id='word_1_156' title='bbox 608 2116 967 2160; x_wconf 74' lang='lat' dir='ltr'>‘sanctitudo</span> <span class='ocrx_word' id='word_1_157' title='bbox 997 2130 1082 2172; x_wconf 89' lang='lat' dir='ltr'>pro</span> <span class='ocrx_word' id='word_1_158' title='bbox 1115 2115 1374 2160; x_wconf 62' lang='lat' dir='ltr'>sanctitas)</span> 
     </span>
     <span class='ocr_line' id='line_1_25' title="bbox 236 2197 1679 2254; baseline -0.001 -14"><span class='ocrx_word' id='word_1_159' title='bbox 236 2209 405 2240; x_wconf 83' lang='lat' dir='ltr'>nornen</span> <span class='ocrx_word' id='word_1_160' title='bbox 437 2199 485 2240; x_wconf 85' lang='lat' dir='ltr'>et</span> <span class='ocrx_word' id='word_1_161' title='bbox 514 2211 687 2241; x_wconf 90' lang='lat' dir='ltr'>numen</span> <span class='ocrx_word' id='word_1_162' title='bbox 717 2197 896 2242; x_wconf 73' lang='lat' dir='ltr'>Aldina</span> <span class='ocrx_word' id='word_1_163' title='bbox 926 2200 1000 2254; x_wconf 76' lang='lat' dir='ltr'>(cf.</span> <span class='ocrx_word' id='word_1_164' title='bbox 1034 2200 1136 2254; x_wconf 90' lang='lat'>692)</span> <span class='ocrx_word' id='word_1_165' title='bbox 1167 2211 1336 2241; x_wconf 88' lang='lat' dir='ltr'>nomen</span> <span class='ocrx_word' id='word_1_166' title='bbox 1367 2198 1414 2240; x_wconf 88' lang='lat' dir='ltr'>et</span> <span class='ocrx_word' id='word_1_167' title='bbox 1443 2208 1613 2239; x_wconf 87' lang='lat' dir='ltr'>nomen</span> <span class='ocrx_word' id='word_1_168' title='bbox 1644 2212 1679 2238; x_wconf 91' lang='grc' dir='ltr'><strong>ω</strong></span> 
     </span>
    </p>
   </div>
   <div class='ocr_carea' id='block_1_15' title="bbox 122 2307 1513 2460">
    <p class='ocr_par' dir='ltr' id='par_1_15' title="bbox 122 2307 1513 2460">
     <span class='ocr_line' id='line_1_26' title="bbox 901 2307 1025 2354; baseline 0 0"><span class='ocrx_word' id='word_1_169' title='bbox 901 2307 1025 2354; x_wconf 88' lang='lat' dir='ltr'><strong>VIII</strong></span> 
     </span>
     <span class='ocr_line' id='line_1_27' title="bbox 122 2389 1513 2460; baseline -0.002 -17"><span class='ocrx_word' id='word_1_170' title='bbox 122 2390 293 2443; x_wconf 89' lang='lat' dir='ltr'>Video</span> <span class='ocrx_word' id='word_1_171' title='bbox 333 2391 432 2460; x_wconf 73' lang='lat' dir='ltr'>ego</span> <span class='ocrx_word' id='word_1_172' title='bbox 472 2392 547 2459; x_wconf 84' lang='lat' dir='ltr'>te,</span> <span class='ocrx_word' id='word_1_173' title='bbox 585 2390 799 2459; x_wconf 83' lang='lat' dir='ltr'>mulier,</span> <span class='ocrx_word' id='word_1_174' title='bbox 837 2392 985 2443; x_wconf 77' lang='lat' dir='ltr'>more</span> <span class='ocrx_word' id='word_1_175' title='bbox 1022 2391 1315 2443; x_wconf 87' lang='lat' dir='ltr'>multarum</span> <span class='ocrx_word' id='word_1_176' title='bbox 1353 2389 1513 2457; x_wconf 76' lang='lat' dir='ltr'>litier,</span> 
     </span>
    </p>
   </div>
   <div class='ocr_carea' id='block_1_16' title="bbox 53 2477 1493 2535">
    <p class='ocr_par' dir='ltr' id='par_1_16' title="bbox 53 2477 1493 2535">
     <span class='ocr_line' id='line_1_28' title="bbox 53 2477 1493 2535; baseline -0.001 -4"><span class='ocrx_word' id='word_1_177' title='bbox 53 2490 55 2493; x_wconf 82' lang='lat'>&#39;</span> <span class='ocrx_word' id='word_1_178' title='bbox 119 2478 196 2531; x_wconf 94' lang='lat' dir='ltr'>Vt</span> <span class='ocrx_word' id='word_1_179' title='bbox 233 2477 345 2530; x_wconf 78' lang='lat' dir='ltr'>uim</span> <span class='ocrx_word' id='word_1_180' title='bbox 385 2477 672 2530; x_wconf 74' lang='lat' dir='ltr'>oontendas</span> <span class='ocrx_word' id='word_1_181' title='bbox 711 2481 859 2530; x_wconf 88' lang='lat' dir='ltr'>tuam</span> <span class='ocrx_word' id='word_1_182' title='bbox 899 2479 966 2530; x_wconf 75' lang='lat' dir='ltr'>ad</span> <span class='ocrx_word' id='word_1_183' title='bbox 1004 2479 1338 2535; x_wconf 76' lang='lat' dir='ltr'>maiestatem</span> <span class='ocrx_word' id='word_1_184' title='bbox 1359 2477 1493 2529; x_wconf 80' lang='lat' dir='ltr'>uiri.</span> 
     </span>
    </p>
   </div>
   <div class='ocr_carea' id='block_1_17' title="bbox 123 2563 1819 2753">
    <p class='ocr_par' dir='ltr' id='par_1_17' title="bbox 123 2563 1819 2753">
     <span class='ocr_line' id='line_1_29' title="bbox 240 2563 1819 2635; baseline 0 -13"><span class='ocrx_word' id='word_1_185' title='bbox 240 2579 360 2623; x_wconf 90' lang='lat' dir='ltr'>Non.</span> <span class='ocrx_word' id='word_1_186' title='bbox 394 2583 493 2634; x_wconf 89' lang='lat'>259,</span> <span class='ocrx_word' id='word_1_187' title='bbox 521 2583 545 2621; x_wconf 82' lang='lat'>7</span> <span class='ocrx_word' id='word_1_188' title='bbox 580 2578 954 2622; x_wconf 80' lang='lat' dir='ltr'>‘contendere</span> <span class='ocrx_word' id='word_1_189' title='bbox 985 2577 1220 2635; x_wconf 81' lang='lat' dir='ltr'>significat</span> <span class='ocrx_word' id='word_1_190' title='bbox 1250 2591 1545 2634; x_wconf 82' lang='lat' dir='ltr'>comparare.</span> <span class='ocrx_word' id='word_1_191' title='bbox 1567 2579 1623 2622; x_wconf 89' lang='lat'>..’</span> <span class='ocrx_word' id='word_1_192' title='bbox 1669 2563 1819 2622; x_wconf 24' lang='lat' dir='ltr'>Idem·</span> 
     </span>
     <span class='ocr_line' id='line_1_30' title="bbox 123 2636 1797 2714; baseline 0.001 -34"><span class='ocrx_word' id='word_1_193' title='bbox 123 2642 230 2692; x_wconf 83' lang='lat'>519,</span> <span class='ocrx_word' id='word_1_194' title='bbox 256 2644 281 2682; x_wconf 95' lang='grc'>6</span> <span class='ocrx_word' id='word_1_195' title='bbox 318 2639 553 2681; x_wconf 87' lang='lat' dir='ltr'>ueterum</span> <span class='ocrx_word' id='word_1_196' title='bbox 583 2636 898 2680; x_wconf 82' lang='lat' dir='ltr'>memorabilis</span> <span class='ocrx_word' id='word_1_197' title='bbox 935 2636 1131 2681; x_wconf 82' lang='lat' dir='ltr'>seientia</span> <span class='ocrx_word' id='word_1_198' title='bbox 1160 2651 1414 2693; x_wconf 86' lang='lat' dir='ltr'>paucorum</span> <span class='ocrx_word' id='word_1_199' title='bbox 1442 2650 1685 2681; x_wconf 87' lang='lat' dir='ltr'>numerum</span> <span class='ocrx_word' id='word_1_200' title='bbox 1714 2651 1797 2714; x_wconf 85' lang='lat' dir='ltr'>pro</span> 
     </span>
     <span class='ocr_line' id='line_1_31' title="bbox 123 2674 1523 2753; baseline -0.001 -13"><span class='ocrx_word' id='word_1_201' title='bbox 123 2674 259 2740; x_wconf 81' lang='lat' dir='ltr'>bonis</span> <span class='ocrx_word' id='word_1_202' title='bbox 290 2696 508 2753; x_wconf 86' lang='lat' dir='ltr'>ponebat,</span> <span class='ocrx_word' id='word_1_203' title='bbox 541 2695 750 2740; x_wconf 82' lang='lat' dir='ltr'>multos</span> <span class='ocrx_word' id='word_1_204' title='bbox 783 2698 944 2740; x_wconf 87' lang='lat' dir='ltr'>contra</span> <span class='ocrx_word' id='word_1_205' title='bbox 975 2695 1122 2740; x_wconf 86' lang='lat' dir='ltr'>malos</span> <span class='ocrx_word' id='word_1_206' title='bbox 1156 2695 1523 2752; x_wconf 87' lang='lat' dir='ltr'>appellabant..</span> 
     </span>
    </p>
   </div>
   <div class='ocr_carea' id='block_1_18' title="bbox 243 2783 1798 2842">
    <p class='ocr_par' dir='ltr' id='par_1_18' title="bbox 243 2783 1798 2842">
     <span class='ocr_line' id='line_1_32' title="bbox 243 2783 1798 2842; baseline 0 -14"><span class='ocrx_word' id='word_1_207' title='bbox 243 2790 267 2828; x_wconf 85' lang='lat'>1</span> <span class='ocrx_word' id='word_1_208' title='bbox 301 2799 428 2829; x_wconf 90' lang='lat' dir='ltr'>more</span> <span class='ocrx_word' id='word_1_209' title='bbox 465 2799 548 2829; x_wconf 84' lang='lat' dir='ltr'>om.</span> <span class='ocrx_word' id='word_1_210' title='bbox 581 2784 815 2829; x_wconf 77' lang='lat' dir='ltr'><em>BGHW</em></span> <span class='ocrx_word' id='word_1_211' title='bbox 840 2799 888 2840; x_wconf 78' lang='lat' dir='ltr'>p.</span> <span class='ocrx_word' id='word_1_212' title='bbox 914 2789 1000 2828; x_wconf 90' lang='lat'>259</span> <span class='ocrx_word' id='word_1_213' title='bbox 1038 2798 1168 2828; x_wconf 89' lang='lat' dir='ltr'>mora</span> <span class='ocrx_word' id='word_1_214' title='bbox 1200 2785 1329 2842; x_wconf 72' lang='lat' dir='ltr'>Wp.</span> <span class='ocrx_word' id='word_1_215' title='bbox 1355 2789 1440 2828; x_wconf 88' lang='lat'>519</span> <span class='ocrx_word' id='word_1_216' title='bbox 1563 2789 1588 2827; x_wconf 93' lang='lat'>2</span> <span class='ocrx_word' id='word_1_217' title='bbox 1628 2783 1725 2827; x_wconf 90' lang='lat' dir='ltr'>uim</span> <span class='ocrx_word' id='word_1_218' title='bbox 1763 2802 1798 2828; x_wconf 91' lang='grc' dir='ltr'><strong>ω</strong></span> 
     </span>
    </p>
   </div>
   <div class='ocr_carea' id='block_1_19' title="bbox 118 2843 1798 2959">
    <p class='ocr_par' dir='ltr' id='par_1_19' title="bbox 118 2843 1798 2959">
     <span class='ocr_line' id='line_1_33' title="bbox 118 2843 1798 2900; baseline 0.001 -14"><span class='ocrx_word' id='word_1_219' title='bbox 118 2858 167 2899; x_wconf 77' lang='lat' dir='ltr'>p.</span> <span class='ocrx_word' id='word_1_220' title='bbox 193 2848 277 2887; x_wconf 90' lang='grc'>519</span> <span class='ocrx_word' id='word_1_221' title='bbox 310 2857 415 2887; x_wconf 83' lang='grc'>011111</span> <span class='ocrx_word' id='word_1_222' title='bbox 445 2861 480 2887; x_wconf 92' lang='grc' dir='ltr'><em>ω</em></span> <span class='ocrx_word' id='word_1_223' title='bbox 505 2859 554 2900; x_wconf 78' lang='lat' dir='ltr'>p.</span> <span class='ocrx_word' id='word_1_224' title='bbox 581 2848 680 2899; x_wconf 89' lang='grc'>259,</span> <span class='ocrx_word' id='word_1_225' title='bbox 712 2845 806 2888; x_wconf 75' lang='lat' dir='ltr'>‘nisi</span> <span class='ocrx_word' id='word_1_226' title='bbox 836 2845 954 2900; x_wconf 76' lang='lat' dir='ltr'>quod</span> <span class='ocrx_word' id='word_1_227' title='bbox 983 2857 1066 2888; x_wconf 83' lang='lat' dir='ltr'>om.</span> <span class='ocrx_word' id='word_1_228' title='bbox 1100 2844 1247 2888; x_wconf 82' lang='lat' dir='ltr'>Basil.</span> <span class='ocrx_word' id='word_1_229' title='bbox 1369 2843 1430 2888; x_wconf 86' lang='lat' dir='ltr'>ad</span> <span class='ocrx_word' id='word_1_230' title='bbox 1460 2858 1543 2888; x_wconf 84' lang='lat' dir='ltr'>om.</span> <span class='ocrx_word' id='word_1_231' title='bbox 1576 2861 1611 2887; x_wconf 89' lang='grc' dir='ltr'><em>ω</em></span> <span class='ocrx_word' id='word_1_232' title='bbox 1636 2857 1685 2900; x_wconf 75' lang='lat' dir='ltr'>p.</span> <span class='ocrx_word' id='word_1_233' title='bbox 1713 2848 1798 2888; x_wconf 88' lang='grc'>259</span> 
     </span>
     <span class='ocr_line' id='line_1_34' title="bbox 212 2901 570 2959; baseline 0.008 -15"><span class='ocrx_word' id='word_1_234' title='bbox 212 2901 325 2946; x_wconf 84' lang='lat' dir='ltr'>uiris</span> <span class='ocrx_word' id='word_1_235' title='bbox 357 2920 392 2946; x_wconf 87' lang='grc' dir='ltr'><strong>ω</strong></span> <span class='ocrx_word' id='word_1_236' title='bbox 418 2918 466 2959; x_wconf 73' lang='lat' dir='ltr'>p.</span> <span class='ocrx_word' id='word_1_237' title='bbox 485 2907 570 2947; x_wconf 86' lang='lat'>259</span> 
     </span>
    </p>
   </div>
  </div>
 </body>
</html>
