1980 3146
828 110 878 155 L.
911 109 1119 155 ACCIVS
1303 158 1305 160 ,
1705 111 1810 164 231

221 257 381 302 parem
410 245 489 288 Ba
512 257 683 300 parum
714 261 748 300 φ
840 243 1046 288 animum
1069 245 1164 288 Ber
1192 245 1307 301 laius,
1340 258 1422 289 om.
1449 261 1483 288 ω
1575 244 1812 289 aduortito

132 304 212 348 Ba
243 302 429 347 aduorti
460 303 563 347 HL
596 302 769 347 diuorti
802 320 836 359 φ
870 302 1105 347 aduertite
1189 305 1392 360 ephanus

936 450 1008 498 IV

129 532 243 586 Aut
282 536 380 606 ego
420 535 558 587 illim
597 535 819 604 eripiam
858 538 951 587 aut
988 534 1071 587 ssli
1108 553 1306 604 poenas
1346 536 1608 588 sufferam.

247 643 366 687 Non.
401 648 509 700 397,
534 648 560 687 3
603 644 649 687 ‘s
658 642 722 686 uf
724 642 748 686 f
752 656 872 687 erre
912 644 984 686 est
1023 642 1286 687 sustinere.
1309 643 1608 723 ‚3significat
1643 644 1812 730 dedere

129 701 207 745 uel
239 709 531 759 supponere.
581 701 784 747 ‚Accius
814 701 860 745 N
867 717 896 758 y
906 717 937 758 p
946 704 967 745 t
976 715 1000 745 e
1009 717 1041 759 g
1049 717 1072 744 r
1080 715 1105 746 e
1116 717 1136 745 s
1147 716 1167 745 s
1177 702 1194 745 i
1204 716 1266 746 a.

249 800 349 858 aut]
395 801 448 842 ut
489 799 598 843 GH
598 799 643 843 L
763 811 873 855 ergo
906 798 952 841 B
964 797 1096 842 GH1
1214 797 1337 841 illim
1381 801 1544 855 scripsi
1588 801 1661 857 (cf.
1707 800 1809 845 hist.

128 863 243 916 παρ.
277 860 380 915 366)
411 857 547 901 illum
573 875 608 902 ω
698 856 770 900 illi
802 858 1065 902 adverbium
1082 863 1196 914 puto
1284 870 1461 913 poenas
1486 859 1571 915 (vel
1591 861 1809 915 poenam)

128 917 363 962 Mer-cerus
391 930 543 974 poena
574 935 609 961 ω

945 997 992 1043 V

657 1081 713 1133 id
751 1082 895 1151 qu6d
931 1082 1063 1134 facis
1100 1084 1316 1153 gratum
1355 1083 1408 1134 eb
1446 1100 1610 1153 graue
1649 1086 1742 1135 est.

243 1167 363 1234 Neu.
397 1194 504 1246 315,
530 1194 586 1234 20
628 1191 847 1247 ‘graue,
887 1190 1090 1235 solidum
1128 1193 1176 1234 et
1206 1190 1400 1235 firmum.
1463 1190 1630 1234 Accius
1663 1190 1811 1235 Atha-

124 1251 283 1293 mante
310 1285 318 1294 .
348 1286 357 1294 .
385 1286 393 1294 .
419 1249 545 1294 idem
575 1249 883 1306 Nyctegresia
909 1287 916 1295 .
946 1287 954 1294 .
982 1251 1010 1294 .’
1075 1249 1131 1294 ef.
1164 1249 1323 1294 Plauti
1354 1251 1479 1294 PerS.
1506 1255 1590 1295 675

930 1390 1003 1438 VI

42 1486 48 1492 ‘
123 1471 229 1525 'An
259 1492 357 1544 ego
389 1473 606 1527 Vlixem
637 1472 878 1560 obh'sear
896 1493 1152 1544 umquam
1184 1477 1277 1527 auf.
1309 1476 1631 1544 quemquam
1660 1451 1809 1544 prae-

1185 1562 1321 1633 pom‘
1354 1563 1556 1635 uelim‘?

241 1671 359 1715 Non.
393 1675 499 1726 500,
525 1675 553 1714 4
595 1670 990 1715 ‘accusatiuus
1025 1686 1110 1728 pro
1140 1671 1363 1728 genetiuo
1484 1671 1652 1716 Accius
1767 1709 1775 1716 .
1795 1707 1808 1719 .

123 1731 174 1773 et
215 1729 624 1805 Nectegresia.
690 1731 702 1751 ’
769 1729 978 1784 Quadrat
1016 1744 1072 1775 ex
1109 1729 1272 1775 Iliadis
1304 1731 1346 1775 X
1385 1747 1426 1775 v.
1455 1736 1562 1776 243:
1608 1739 1706 1783 πῶς
1746 1729 1807 1775 ἂν

124 1787 268 1833 ἔπειτ’
299 1788 520 1847 Ὀδυσῆος
552 1786 639 1847 ἐγὼ
670 1787 824 1834 θείοιο
857 1787 1114 1847 λαθοίμηνς

241 1874 427 1929 Vlixem
457 1887 535 1931 Ba
566 1885 736 1931 Vlixen
767 1904 802 1943 φ
895 1886 1148 1931 obliuiscar
1179 1904 1214 1930 ω
1247 1888 1302 1942 cf.
1336 1900 1375 1930 υ.
1405 1891 1488 1929 190
1523 1941 1526 1946 ¹

912 2026 1011 2074 VII

119 2107 250 2162 que
273 2127 414 2162 nune
438 2110 781 2180 adizemptare,
797 2111 922 2163 iuuo
937 2128 1094 2180 nune,
1110 2110 1300 2179 anime,
1316 2109 1531 2178 ruspari
1541 2109 1805 2182 Phrygas!
1855 2188 1857 2190 η

237 2217 357 2262 Non.
391 2222 491 2273 166,
517 2223 572 2262 18
608 2218 858 2275 ‘ruspari
890 2221 963 2262 est
993 2217 1223 2262 scrutari)

237 2312 346 2357 iuue
377 2313 531 2370 (iuuae
564 2314 620 2357 H
630 2314 644 2340 ¹
682 2313 795 2357 iuua
829 2313 919 2370 ΓΙ)
946 2351 954 2358 .
984 2351 991 2358 .
1020 2350 1028 2358 .
1054 2313 1162 2357 iuue
1193 2315 1251 2371 (h.
1284 2328 1318 2358 e.
1352 2313 1480 2371 iuua)
1513 2331 1547 2358 ω
1579 2313 1692 2359 iuua
1718 2352 1725 2359 .
1755 2352 1763 2360 .
1791 2352 1800 2361 .

118 2372 231 2416 iuua
256 2372 524 2417 Gebhardus
552 2371 662 2416 iube
690 2410 697 2417 .
719 2410 726 2417 .
747 2410 756 2417 .
781 2372 891 2416 iube
914 2374 981 2417 ed.
1010 2377 1121 2416 1526
1146 2372 1279 2416 lubet
1305 2408 1312 2415 .
1335 2409 1343 2416 .
1364 2409 1372 2416 .
1398 2372 1531 2428 lubet
1554 2374 1803 2430 Mercems,

55 2455 59 2458 ·
117 2445 213 2475 ‘non
242 2433 356 2476 male
387 2433 445 2488 (si
474 2431 583 2475 lube
614 2433 832 2488 scriptum
860 2433 984 2488 fuit).
1017 2431 1159 2475 iuben
1186 2468 1193 2475 .
1223 2468 1230 2475 .
1259 2468 1267 2475 .
1292 2430 1435 2475 iuben
1464 2447 1498 2476 x
1588 2432 1743 2478 animo
1767 2451 1802 2478 ω

895 2570 1019 2617 VIII

122 2654 324 2708 Cuncta
363 2654 646 2724 expedibo'
685 2654 740 2706 id
778 2654 936 2706 m6do
976 2654 1060 2706 ius
1099 2654 1382 2707 iurandum
1422 2654 1557 2708 date.
1773 2669 1892 2717 ‚490

234 2763 354 2808 Non.
387 2767 495 2818 505,
521 2769 546 2807 3
597 2761 902 2819 ‘expedibo
948 2776 1031 2819 pro
1079 2762 1357 2819 expediam
1386 2764 1450 2807 ..’
1515 2763 1675 2820 (Deesc
1724 2764 1800 2809 hic

118 2819 248 2866 locus
279 2822 330 2866 in
359 2822 521 2866 Bamb.
556 2821 760 2878 exeeptis
793 2821 1009 2865 extremis
1045 2821 1466 2866 ‘iusiurandum
1498 2822 1654 2866 date’
1659 2825 1676 2880 >

236 2920 404 2961 cuneta
435 2919 502 2962 ed.
536 2934 578 2962 a.
608 2922 718 2961 1471
754 2919 920 2961 cuncto
953 2935 988 2961 ω
