<?xml version="1.0" encoding="UTF-8"?>
<!DOCTYPE html PUBLIC "-//W3C//DTD XHTML 1.0 Transitional//EN"
    "http://www.w3.org/TR/xhtml1/DTD/xhtml1-transitional.dtd">
<html xmlns="http://www.w3.org/1999/xhtml" xml:lang="en" lang="en">
 <head>
  <title>
</title>
<meta http-equiv="Content-Type" content="text/html;charset=utf-8" />
  <meta name='ocr-system' content='tesseract 3.04.00' />
  <meta name='ocr-capabilities' content='ocr_page ocr_carea ocr_par ocr_line ocrx_word'/>
</head>
<body>
  <div class='ocr_page' id='page_1' title='image "./fragscaenicaeromr01ribbuoft/fragscaenicaeromr01ribbuoft_0090.png"; bbox 0 0 1980 3146; ppageno 0'>
   <div class='ocr_carea' id='block_1_1' title="bbox 210 110 1207 165">
    <p class='ocr_par' dir='ltr' id='par_1_1' title="bbox 210 110 1207 165">
     <span class='ocr_line' id='line_1_1' title="bbox 210 110 1207 165; baseline -0.007 -1"><span class='ocrx_word' id='word_1_1' title='bbox 210 112 277 164; x_wconf 86' lang='lat'><strong>78</strong></span> <span class='ocrx_word' id='word_1_2' title='bbox 898 110 950 165; x_wconf 82' lang='lat' dir='ltr'><strong>Q.</strong></span> <span class='ocrx_word' id='word_1_3' title='bbox 981 111 1207 157; x_wconf 84' lang='lat' dir='ltr'>ENNIVS</span> 
     </span>
    </p>
   </div>
   <div class='ocr_carea' id='block_1_2' title="bbox 961 251 1125 298">
    <p class='ocr_par' dir='ltr' id='par_1_2' title="bbox 961 251 1125 298">
     <span class='ocr_line' id='line_1_2' title="bbox 961 251 1125 298; baseline 0 0"><span class='ocrx_word' id='word_1_4' title='bbox 961 251 1125 298; x_wconf 88' lang='lat' dir='ltr'><strong>XXVI</strong></span> 
     </span>
    </p>
   </div>
   <div class='ocr_carea' id='block_1_3' title="bbox 202 334 1882 495">
    <p class='ocr_par' dir='ltr' id='par_1_3' title="bbox 202 334 1882 495">
     <span class='ocr_line' id='line_1_3' title="bbox 202 334 1882 405; baseline 0 -15"><span class='ocrx_word' id='word_1_5' title='bbox 202 335 390 405; x_wconf 75' lang='lat' dir='ltr'><strong>Neque</strong></span> <span class='ocrx_word' id='word_1_6' title='bbox 437 339 590 387; x_wconf 91' lang='lat' dir='ltr'><strong>tuum</strong></span> <span class='ocrx_word' id='word_1_7' title='bbox 632 352 887 404; x_wconf 89' lang='lat' dir='ltr'><strong>umquam</strong></span> <span class='ocrx_word' id='word_1_8' title='bbox 926 334 984 386; x_wconf 89' lang='lat' dir='ltr'><strong>in</strong></span> <span class='ocrx_word' id='word_1_9' title='bbox 1021 335 1286 405; x_wconf 76' lang='lat' dir='ltr'><strong>gremium</strong></span> <span class='ocrx_word' id='word_1_10' title='bbox 1325 336 1549 389; x_wconf 75' lang='lat' dir='ltr'><strong>extollas</strong></span> <span class='ocrx_word' id='word_1_11' title='bbox 1587 336 1882 390; x_wconf 72' lang='lat' dir='ltr'><strong>liberorum</strong></span> 
     </span>
     <span class='ocr_line' id='line_1_4' title="bbox 1263 425 1639 495; baseline 0.005 -19"><span class='ocrx_word' id='word_1_12' title='bbox 1263 442 1328 476; x_wconf 87' lang='lat' dir='ltr'><strong>ex</strong></span> <span class='ocrx_word' id='word_1_13' title='bbox 1366 425 1421 476; x_wconf 73' lang='lat' dir='ltr'><strong>te</strong></span> <span class='ocrx_word' id='word_1_14' title='bbox 1458 442 1639 495; x_wconf 86' lang='lat' dir='ltr'><strong>genus.</strong></span> 
     </span>
    </p>
   </div>
   <div class='ocr_carea' id='block_1_4' title="bbox 198 523 1878 650">
    <p class='ocr_par' dir='ltr' id='par_1_4' title="bbox 198 523 1878 650">
     <span class='ocr_line' id='line_1_5' title="bbox 315 523 1878 581; baseline 0.002 -14"><span class='ocrx_word' id='word_1_15' title='bbox 315 523 472 568; x_wconf 89' lang='lat' dir='ltr'><strong>Cicero</strong></span> <span class='ocrx_word' id='word_1_16' title='bbox 506 523 631 568; x_wconf 89' lang='lat' dir='ltr'><strong>Orat.</strong></span> <span class='ocrx_word' id='word_1_17' title='bbox 663 528 743 580; x_wconf 83' lang='lat'><strong>46,</strong></span> <span class='ocrx_word' id='word_1_18' title='bbox 770 529 853 568; x_wconf 88' lang='lat'><strong>155</strong></span> <span class='ocrx_word' id='word_1_19' title='bbox 896 523 1083 580; x_wconf 85' lang='lat' dir='ltr'><strong>‘itaque</strong></span> <span class='ocrx_word' id='word_1_20' title='bbox 1120 523 1247 567; x_wconf 91' lang='lat' dir='ltr'><strong>idem</strong></span> <span class='ocrx_word' id='word_1_21' title='bbox 1282 526 1445 581; x_wconf 91' lang='lat' dir='ltr'><strong>poeta,</strong></span> <span class='ocrx_word' id='word_1_22' title='bbox 1485 525 1566 580; x_wconf 91' lang='lat' dir='ltr'><strong>qui</strong></span> <span class='ocrx_word' id='word_1_23' title='bbox 1604 525 1878 570; x_wconf 73' lang='lat' dir='ltr'><strong>inusitatius</strong></span> 
     </span>
     <span class='ocr_line' id='line_1_6' title="bbox 198 582 1875 650; baseline 0.001 -23"><span class='ocrx_word' id='word_1_24' title='bbox 198 584 493 628; x_wconf 82' lang='lat' dir='ltr'><strong>contraxerat</strong></span> <span class='ocrx_word' id='word_1_25' title='bbox 524 583 623 641; x_wconf 84' lang='lat'>[44]</span> <span class='ocrx_word' id='word_1_26' title='bbox 742 585 791 627; x_wconf 90' lang='lat' dir='ltr'><strong>et</strong></span> <span class='ocrx_word' id='word_1_27' title='bbox 822 584 919 650; x_wconf 90' lang='lat'>[51]</span> <span class='ocrx_word' id='word_1_28' title='bbox 946 619 955 627; x_wconf 90' lang='lat'><strong>.</strong></span> <span class='ocrx_word' id='word_1_29' title='bbox 977 619 986 627; x_wconf 91' lang='lat'><strong>.</strong></span> <span class='ocrx_word' id='word_1_30' title='bbox 1005 619 1015 629; x_wconf 91' lang='lat'><em>.</em></span> <span class='ocrx_word' id='word_1_31' title='bbox 1040 597 1135 628; x_wconf 89' lang='lat' dir='ltr'><strong>non</strong></span> <span class='ocrx_word' id='word_1_32' title='bbox 1174 582 1291 628; x_wconf 90' lang='lat' dir='ltr'><strong>dicit</strong></span> <span class='ocrx_word' id='word_1_33' title='bbox 1326 583 1548 640; x_wconf 91' lang='lat' dir='ltr'><strong>liberum,</strong></span> <span class='ocrx_word' id='word_1_34' title='bbox 1580 587 1634 628; x_wconf 89' lang='lat' dir='ltr'><strong>ut</strong></span> <span class='ocrx_word' id='word_1_35' title='bbox 1663 584 1875 642; x_wconf 86' lang='lat' dir='ltr'><strong>plerique</strong></span> 
     </span>
    </p>
   </div>
   <div class='ocr_carea' id='block_1_5' title="bbox 194 641 1876 818">
    <p class='ocr_par' dir='ltr' id='par_1_5' title="bbox 194 641 1876 818">
     <span class='ocr_line' id='line_1_7' title="bbox 195 641 1876 700; baseline 0.002 -15"><span class='ocrx_word' id='word_1_36' title='bbox 195 641 521 698; x_wconf 91' lang='lat' dir='ltr'><strong>loquimur...</strong></span> <span class='ocrx_word' id='word_1_37' title='bbox 549 641 631 685; x_wconf 92' lang='lat' dir='ltr'><strong>sed</strong></span> <span class='ocrx_word' id='word_1_38' title='bbox 668 643 723 686; x_wconf 95' lang='lat' dir='ltr'><strong>ut</strong></span> <span class='ocrx_word' id='word_1_39' title='bbox 758 641 840 686; x_wconf 80' lang='lat' dir='ltr'><strong>isti</strong></span> <span class='ocrx_word' id='word_1_40' title='bbox 878 641 1066 687; x_wconf 90' lang='lat' dir='ltr'><strong>uolunt:</strong></span> <span class='ocrx_word' id='word_1_41' title='bbox 1106 655 1257 698; x_wconf 91' lang='lat' dir='ltr'><strong>neque</strong></span> <span class='ocrx_word' id='word_1_42' title='bbox 1295 643 1446 686; x_wconf 91' lang='lat' dir='ltr'><strong>tuum’</strong></span> <span class='ocrx_word' id='word_1_43' title='bbox 1485 656 1523 687; x_wconf 90' lang='lat' dir='ltr'><strong>e.</strong></span> <span class='ocrx_word' id='word_1_44' title='bbox 1549 657 1592 700; x_wconf 88' lang='lat' dir='ltr'><strong>q.</strong></span> <span class='ocrx_word' id='word_1_45' title='bbox 1619 658 1652 688; x_wconf 93' lang='lat' dir='ltr'><strong>s.</strong></span> <span class='ocrx_word' id='word_1_46' title='bbox 1793 645 1876 688; x_wconf 84' lang='lat' dir='ltr'><strong>‘At</strong></span> 
     </span>
     <span class='ocr_line' id='line_1_8' title="bbox 195 699 1876 759; baseline 0.002 -15"><span class='ocrx_word' id='word_1_47' title='bbox 195 701 275 745; x_wconf 88' lang='lat' dir='ltr'><strong>ille</strong></span> <span class='ocrx_word' id='word_1_48' title='bbox 315 700 435 745; x_wconf 89' lang='lat' dir='ltr'><strong>alter</strong></span> <span class='ocrx_word' id='word_1_49' title='bbox 471 699 521 744; x_wconf 91' lang='lat' dir='ltr'><strong>in</strong></span> <span class='ocrx_word' id='word_1_50' title='bbox 553 700 724 758; x_wconf 82' lang='lat' dir='ltr'><strong>Chryse</strong></span> <span class='ocrx_word' id='word_1_51' title='bbox 751 737 759 745; x_wconf 92' lang='lat'><strong><em>.</em></strong></span> <span class='ocrx_word' id='word_1_52' title='bbox 781 738 788 746; x_wconf 91' lang='lat'><strong><em>.</em></strong></span> <span class='ocrx_word' id='word_1_53' title='bbox 810 738 818 746; x_wconf 93' lang='lat'><strong>.</strong></span> <span class='ocrx_word' id='word_1_54' title='bbox 844 700 989 757; x_wconf 90' lang='lat' dir='ltr'><strong>Atqui</strong></span> <span class='ocrx_word' id='word_1_55' title='bbox 1029 700 1150 745; x_wconf 87' lang='lat' dir='ltr'><strong>dixit</strong></span> <span class='ocrx_word' id='word_1_56' title='bbox 1189 700 1357 745; x_wconf 87' lang='lat' dir='ltr'><strong>Accius</strong></span> <span class='ocrx_word' id='word_1_57' title='bbox 1385 737 1394 746; x_wconf 93' lang='lat'><strong><em>.</em></strong></span> <span class='ocrx_word' id='word_1_58' title='bbox 1414 737 1423 745; x_wconf 90' lang='lat'><strong>.</strong></span> <span class='ocrx_word' id='word_1_59' title='bbox 1444 702 1472 746; x_wconf 90' lang='lat'><strong>.’</strong></span> <span class='ocrx_word' id='word_1_60' title='bbox 1537 702 1794 759; x_wconf 76' lang='lat' dir='ltr'><strong>Amyntor-a</strong></span> <span class='ocrx_word' id='word_1_61' title='bbox 1825 702 1876 746; x_wconf 85' lang='lat' dir='ltr'><strong>in</strong></span> 
     </span>
     <span class='ocr_line' id='line_1_9' title="bbox 194 759 1872 818; baseline 0.002 -15"><span class='ocrx_word' id='word_1_62' title='bbox 194 759 425 804; x_wconf 84' lang='lat' dir='ltr'><strong>Phoenice</strong></span> <span class='ocrx_word' id='word_1_63' title='bbox 470 759 634 804; x_wconf 91' lang='lat' dir='ltr'><strong>fabula</strong></span> <span class='ocrx_word' id='word_1_64' title='bbox 679 760 767 804; x_wconf 88' lang='lat' dir='ltr'><strong>hoc</strong></span> <span class='ocrx_word' id='word_1_65' title='bbox 812 759 910 804; x_wconf 87' lang='lat' dir='ltr'><strong>filio</strong></span> <span class='ocrx_word' id='word_1_66' title='bbox 956 759 1187 817; x_wconf 82' lang='lat' dir='ltr'><strong>inprecari</strong></span> <span class='ocrx_word' id='word_1_67' title='bbox 1234 759 1436 804; x_wconf 88' lang='lat' dir='ltr'><strong>coniecit</strong></span> <span class='ocrx_word' id='word_1_68' title='bbox 1480 761 1709 818; x_wconf 89' lang='lat' dir='ltr'><strong>Bergkius</strong></span> <span class='ocrx_word' id='word_1_69' title='bbox 1757 776 1872 807; x_wconf 88' lang='lat' dir='ltr'><strong>mus.</strong></span> 
     </span>
    </p>
   </div>
   <div class='ocr_carea' id='block_1_6' title="bbox 194 819 1875 936">
    <p class='ocr_par' dir='ltr' id='par_1_6' title="bbox 194 819 1875 936">
     <span class='ocr_line' id='line_1_10' title="bbox 194 819 1875 878; baseline 0.002 -16"><span class='ocrx_word' id='word_1_70' title='bbox 194 819 339 863; x_wconf 83' lang='lat' dir='ltr'><strong>Rhen.</strong></span> <span class='ocrx_word' id='word_1_71' title='bbox 375 823 488 863; x_wconf 88' lang='lat'>1835</span> <span class='ocrx_word' id='word_1_72' title='bbox 527 834 571 875; x_wconf 90' lang='lat' dir='ltr'><strong>p.</strong></span> <span class='ocrx_word' id='word_1_73' title='bbox 608 824 660 862; x_wconf 81' lang='lat'><strong>73</strong></span> <span class='ocrx_word' id='word_1_74' title='bbox 701 819 900 863; x_wconf 87' lang='lat' dir='ltr'><strong>conlatis</strong></span> <span class='ocrx_word' id='word_1_75' title='bbox 938 819 1128 863; x_wconf 87' lang='lat' dir='ltr'><strong>Homeri</strong></span> <span class='ocrx_word' id='word_1_76' title='bbox 1167 819 1219 863; x_wconf 93' lang='grc' dir='ltr'><strong>Π.</strong></span> <span class='ocrx_word' id='word_1_77' title='bbox 1250 819 1316 863; x_wconf 91' lang='lat' dir='ltr'><strong>IX</strong></span> <span class='ocrx_word' id='word_1_78' title='bbox 1338 824 1425 864; x_wconf 86' lang='lat'><strong>455</strong></span> <span class='ocrx_word' id='word_1_79' title='bbox 1465 819 1619 864; x_wconf 88' lang='lat' dir='ltr'><strong>verbis</strong></span> <span class='ocrx_word' id='word_1_80' title='bbox 1660 820 1723 878; x_wconf 87' lang='grc' dir='ltr'><strong>μή</strong></span> <span class='ocrx_word' id='word_1_81' title='bbox 1763 836 1875 865; x_wconf 79' lang='grc' dir='ltr'><strong>ποτε</strong></span> 
     </span>
     <span class='ocr_line' id='line_1_11' title="bbox 194 874 1753 936; baseline 0.001 -13"><span class='ocrx_word' id='word_1_82' title='bbox 194 879 417 936; x_wconf 76' lang='grc' dir='ltr'><strong><em>γούνασιν</em></strong></span> <span class='ocrx_word' id='word_1_83' title='bbox 449 874 569 922; x_wconf 82' lang='grc' dir='ltr'><strong><em>οἷσιν</em></strong></span> <span class='ocrx_word' id='word_1_84' title='bbox 601 875 881 934; x_wconf 78' lang='grc' dir='ltr'>ἐφέσσεσθαι</span> <span class='ocrx_word' id='word_1_85' title='bbox 912 876 1050 935; x_wconf 82' lang='grc' dir='ltr'><strong><em>φίλον</em></strong></span> <span class='ocrx_word' id='word_1_86' title='bbox 1081 878 1185 923; x_wconf 81' lang='grc' dir='ltr'><strong><em>υἱὸν</em></strong></span> <span class='ocrx_word' id='word_1_87' title='bbox 1213 877 1292 933; x_wconf 81' lang='grc' dir='ltr'><strong>Ἐξ</strong></span> <span class='ocrx_word' id='word_1_88' title='bbox 1326 876 1497 936; x_wconf 77' lang='grc' dir='ltr'><strong><em>ἐμέθεν</em></strong></span> <span class='ocrx_word' id='word_1_89' title='bbox 1528 887 1753 936; x_wconf 80' lang='grc' dir='ltr'><strong><em>γεγαῶτα.</em></strong></span> 
     </span>
    </p>
   </div>
   <div class='ocr_carea' id='block_1_7' title="bbox 194 966 1876 1082">
    <p class='ocr_par' dir='ltr' id='par_1_7' title="bbox 194 966 1876 1082">
     <span class='ocr_line' id='line_1_12' title="bbox 240 966 1876 1082; baseline 0.001 -71"><span class='ocrx_word' id='word_1_90' title='bbox 240 1028 271 1071; x_wconf 71' lang='lat' dir='ltr'><em>d</em></span> <span class='ocrx_word' id='word_1_91' title='bbox 311 980 476 1082; x_wconf 35' lang='lat' dir='ltr'><strong>qquilel</strong></span> <span class='ocrx_word' id='word_1_92' title='bbox 507 967 640 1009; x_wconf 86' lang='lat' dir='ltr'><strong>tuum</strong></span> <span class='ocrx_word' id='word_1_93' title='bbox 685 966 872 1011; x_wconf 72' lang='lat' dir='ltr'><strong>Abrinc.</strong></span> <span class='ocrx_word' id='word_1_94' title='bbox 919 979 1070 1022; x_wconf 90' lang='lat' dir='ltr'><strong>neque</strong></span> <span class='ocrx_word' id='word_1_95' title='bbox 1114 968 1167 1011; x_wconf 91' lang='lat' dir='ltr'><strong>tu</strong></span> <span class='ocrx_word' id='word_1_96' title='bbox 1206 984 1242 1024; x_wconf 87' lang='grc' dir='ltr'><strong>φ</strong></span> <span class='ocrx_word' id='word_1_97' title='bbox 1288 980 1407 1011; x_wconf 91' lang='lat' dir='ltr'><strong>neue</strong></span> <span class='ocrx_word' id='word_1_98' title='bbox 1452 970 1505 1011; x_wconf 86' lang='lat' dir='ltr'><strong>tu</strong></span> <span class='ocrx_word' id='word_1_99' title='bbox 1547 967 1876 1024; x_wconf 73' lang='lat' dir='ltr'><strong>FleckeisenuS,</strong></span> 
     </span>
     <span class='ocr_line' id='line_1_13' title="bbox 194 1040 358 1071; baseline -0.006 0"><span class='ocrx_word' id='word_1_100' title='bbox 194 1040 238 1071; x_wconf 81' lang='lat' dir='ltr'><strong>se</strong></span> <span class='ocrx_word' id='word_1_101' title='bbox 301 1040 358 1071; x_wconf 85' lang='lat' dir='ltr'><strong>c.</strong></span> 
     </span>
    </p>
   </div>
   <div class='ocr_carea' id='block_1_8' title="bbox 196 1190 1723 1260">
    <p class='ocr_par' dir='ltr' id='par_1_8' title="bbox 196 1190 1723 1260">
     <span class='ocr_line' id='line_1_14' title="bbox 196 1190 1723 1260; baseline 0.001 -17"><span class='ocrx_word' id='word_1_102' title='bbox 196 1190 302 1254; x_wconf 72' lang='lat' dir='ltr'><strong>Qui</strong></span> <span class='ocrx_word' id='word_1_103' title='bbox 337 1190 419 1243; x_wconf 91' lang='lat' dir='ltr'><strong>sui</strong></span> <span class='ocrx_word' id='word_1_104' title='bbox 458 1193 707 1260; x_wconf 85' lang='lat' dir='ltr'><strong>quaestus</strong></span> <span class='ocrx_word' id='word_1_105' title='bbox 747 1192 903 1242; x_wconf 73' lang='lat' dir='ltr'><strong>causa</strong></span> <span class='ocrx_word' id='word_1_106' title='bbox 939 1190 1091 1242; x_wconf 87' lang='lat' dir='ltr'><strong>fictas</strong></span> <span class='ocrx_word' id='word_1_107' title='bbox 1129 1191 1390 1243; x_wconf 75' lang='lat' dir='ltr'><strong>suscitant</strong></span> <span class='ocrx_word' id='word_1_108' title='bbox 1428 1191 1723 1244; x_wconf 74' lang='lat' dir='ltr'><strong>sententias</strong></span> 
     </span>
    </p>
   </div>
   <div class='ocr_carea' id='block_1_9' title="bbox 194 1290 1874 1513">
    <p class='ocr_par' dir='ltr' id='par_1_9' title="bbox 194 1290 1874 1513">
     <span class='ocr_line' id='line_1_15' title="bbox 312 1290 1871 1349; baseline 0 -13"><span class='ocrx_word' id='word_1_109' title='bbox 312 1291 470 1336; x_wconf 87' lang='lat' dir='ltr'><strong>Cicero</strong></span> <span class='ocrx_word' id='word_1_110' title='bbox 503 1292 560 1335; x_wconf 92' lang='lat' dir='ltr'><strong>de</strong></span> <span class='ocrx_word' id='word_1_111' title='bbox 592 1290 683 1334; x_wconf 83' lang='lat' dir='ltr'><strong>div.</strong></span> <span class='ocrx_word' id='word_1_112' title='bbox 716 1290 831 1347; x_wconf 85' lang='lat'><strong>140,</strong></span> <span class='ocrx_word' id='word_1_113' title='bbox 857 1294 914 1335; x_wconf 88' lang='grc'><strong>88</strong></span> <span class='ocrx_word' id='word_1_114' title='bbox 949 1291 1109 1346; x_wconf 81' lang='lat' dir='ltr'><strong>‘atque</strong></span> <span class='ocrx_word' id='word_1_115' title='bbox 1141 1291 1287 1336; x_wconf 88' lang='lat' dir='ltr'><strong>etiam</strong></span> <span class='ocrx_word' id='word_1_116' title='bbox 1317 1294 1428 1336; x_wconf 91' lang='lat' dir='ltr'><strong>ante</strong></span> <span class='ocrx_word' id='word_1_117' title='bbox 1451 1292 1536 1336; x_wconf 90' lang='lat' dir='ltr'><strong>hos</strong></span> <span class='ocrx_word' id='word_1_118' title='bbox 1561 1292 1871 1349; x_wconf 85' lang='lat' dir='ltr'><strong>Amphiaraus</strong></span> 
     </span>
     <span class='ocr_line' id='line_1_16' title="bbox 195 1349 1873 1408; baseline 0 -13"><span class='ocrx_word' id='word_1_119' title='bbox 195 1353 242 1395; x_wconf 86' lang='lat' dir='ltr'><strong>et</strong></span> <span class='ocrx_word' id='word_1_120' title='bbox 272 1350 495 1407; x_wconf 86' lang='lat' dir='ltr'><strong>Tiresias,</strong></span> <span class='ocrx_word' id='word_1_121' title='bbox 534 1364 630 1395; x_wconf 93' lang='lat' dir='ltr'><strong>non</strong></span> <span class='ocrx_word' id='word_1_122' title='bbox 665 1349 867 1393; x_wconf 87' lang='lat' dir='ltr'><strong>humiles</strong></span> <span class='ocrx_word' id='word_1_123' title='bbox 908 1352 956 1393; x_wconf 90' lang='lat' dir='ltr'><strong>et</strong></span> <span class='ocrx_word' id='word_1_124' title='bbox 994 1350 1179 1394; x_wconf 91' lang='lat' dir='ltr'><strong>obscuri</strong></span> <span class='ocrx_word' id='word_1_125' title='bbox 1208 1364 1360 1406; x_wconf 88' lang='lat' dir='ltr'><strong>neque</strong></span> <span class='ocrx_word' id='word_1_126' title='bbox 1393 1365 1552 1395; x_wconf 88' lang='lat' dir='ltr'><strong>eorum</strong></span> <span class='ocrx_word' id='word_1_127' title='bbox 1583 1350 1778 1408; x_wconf 87' lang='lat' dir='ltr'><strong>similes,</strong></span> <span class='ocrx_word' id='word_1_128' title='bbox 1819 1355 1873 1395; x_wconf 90' lang='lat' dir='ltr'><strong>ut</strong></span> 
     </span>
     <span class='ocr_line' id='line_1_17' title="bbox 194 1408 1874 1466; baseline 0 -12"><span class='ocrx_word' id='word_1_129' title='bbox 194 1410 318 1466; x_wconf 89' lang='lat' dir='ltr'><strong>apud</strong></span> <span class='ocrx_word' id='word_1_130' title='bbox 341 1409 544 1453; x_wconf 83' lang='lat' dir='ltr'><strong>Ennium</strong></span> <span class='ocrx_word' id='word_1_131' title='bbox 567 1411 640 1454; x_wconf 89' lang='lat' dir='ltr'><strong>est</strong></span> <span class='ocrx_word' id='word_1_132' title='bbox 657 1445 666 1453; x_wconf 89' lang='lat'>.</span> <span class='ocrx_word' id='word_1_133' title='bbox 687 1446 695 1453; x_wconf 93' lang='lat'>.</span> <span class='ocrx_word' id='word_1_134' title='bbox 717 1409 745 1453; x_wconf 91' lang='lat'><strong>.’</strong></span> <span class='ocrx_word' id='word_1_135' title='bbox 793 1408 847 1452; x_wconf 91' lang='lat' dir='ltr'><strong>In</strong></span> <span class='ocrx_word' id='word_1_136' title='bbox 874 1408 1125 1453; x_wconf 88' lang='lat' dir='ltr'><strong>Telamone</strong></span> <span class='ocrx_word' id='word_1_137' title='bbox 1147 1412 1257 1466; x_wconf 90' lang='lat' dir='ltr'><strong>post</strong></span> <span class='ocrx_word' id='word_1_138' title='bbox 1280 1425 1321 1454; x_wconf 84' lang='lat' dir='ltr'><strong>v.</strong></span> <span class='ocrx_word' id='word_1_139' title='bbox 1349 1415 1435 1454; x_wconf 83' lang='lat'><strong>274</strong></span> <span class='ocrx_word' id='word_1_140' title='bbox 1459 1410 1602 1454; x_wconf 88' lang='lat' dir='ltr'><strong>inseri</strong></span> <span class='ocrx_word' id='word_1_141' title='bbox 1625 1410 1874 1455; x_wconf 87' lang='lat' dir='ltr'><strong>voluerunt</strong></span> 
     </span>
     <span class='ocr_line' id='line_1_18' title="bbox 198 1468 810 1513; baseline -0.003 0"><span class='ocrx_word' id='word_1_142' title='bbox 198 1468 394 1513; x_wconf 87' lang='lat' dir='ltr'><strong>Vossius</strong></span> <span class='ocrx_word' id='word_1_143' title='bbox 426 1471 475 1513; x_wconf 89' lang='lat' dir='ltr'><strong>et</strong></span> <span class='ocrx_word' id='word_1_144' title='bbox 503 1469 810 1513; x_wconf 87' lang='lat' dir='ltr'><strong>Hermannus.</strong></span> 
     </span>
    </p>
   </div>
   <div class='ocr_carea' id='block_1_10' title="bbox 107 1549 1775 1703">
    <p class='ocr_par' dir='ltr' id='par_1_10' title="bbox 107 1549 1775 1703">
     <span class='ocr_line' id='line_1_19' title="bbox 921 1549 1135 1597; baseline 0.005 -1"><span class='ocrx_word' id='word_1_145' title='bbox 921 1549 1135 1597; x_wconf 89' lang='lat' dir='ltr'>XXVIII</span> 
     </span>
     <span class='ocr_line' id='line_1_20' title="bbox 107 1633 1775 1703; baseline -0.002 -15"><span class='ocrx_word' id='word_1_146' title='bbox 107 1650 192 1690; x_wconf 82' lang='lat'><strong>365</strong></span> <span class='ocrx_word' id='word_1_147' title='bbox 213 1633 276 1687; x_wconf 81' lang='lat' dir='ltr'><strong>Si</strong></span> <span class='ocrx_word' id='word_1_148' title='bbox 309 1634 459 1687; x_wconf 90' lang='lat' dir='ltr'><strong>uoles</strong></span> <span class='ocrx_word' id='word_1_149' title='bbox 498 1633 776 1686; x_wconf 76' lang='lat' dir='ltr'><strong>aduortere</strong></span> <span class='ocrx_word' id='word_1_150' title='bbox 816 1633 1074 1703; x_wconf 86' lang='lat' dir='ltr'><strong>animum,</strong></span> <span class='ocrx_word' id='word_1_151' title='bbox 1114 1634 1337 1686; x_wconf 78' lang='lat' dir='ltr'><strong>comiter</strong></span> <span class='ocrx_word' id='word_1_152' title='bbox 1373 1633 1775 1686; x_wconf 70' lang='lat' dir='ltr'><strong>monstrabitur.</strong></span> 
     </span>
    </p>
   </div>
   <div class='ocr_carea' id='block_1_11' title="bbox 189 1732 1870 1910">
    <p class='ocr_par' dir='ltr' id='par_1_11' title="bbox 189 1732 1870 1910">
     <span class='ocr_line' id='line_1_21' title="bbox 309 1732 1870 1790; baseline -0.001 -11"><span class='ocrx_word' id='word_1_153' title='bbox 309 1735 456 1779; x_wconf 89' lang='lat' dir='ltr'><strong>Varro</strong></span> <span class='ocrx_word' id='word_1_154' title='bbox 490 1734 547 1778; x_wconf 89' lang='lat' dir='ltr'><strong>de</strong></span> <span class='ocrx_word' id='word_1_155' title='bbox 578 1733 607 1778; x_wconf 89' lang='grc'>1.</span> <span class='ocrx_word' id='word_1_156' title='bbox 640 1733 781 1778; x_wconf 82' lang='lat' dir='ltr'>LVII</span> <span class='ocrx_word' id='word_1_157' title='bbox 805 1737 860 1778; x_wconf 83' lang='lat'><strong>89</strong></span> <span class='ocrx_word' id='word_1_158' title='bbox 884 1734 946 1778; x_wconf 88' lang='lat' dir='ltr'><strong>M.</strong></span> <span class='ocrx_word' id='word_1_159' title='bbox 1006 1734 1158 1790; x_wconf 84' lang='lat' dir='ltr'><strong>‘apud</strong></span> <span class='ocrx_word' id='word_1_160' title='bbox 1189 1732 1411 1779; x_wconf 85' lang='lat' dir='ltr'><strong>Ennium:</strong></span> <span class='ocrx_word' id='word_1_161' title='bbox 1444 1733 1509 1777; x_wconf 89' lang='lat' dir='ltr'><strong>si’</strong></span> <span class='ocrx_word' id='word_1_162' title='bbox 1544 1747 1581 1779; x_wconf 90' lang='lat' dir='ltr'><strong>e.</strong></span> <span class='ocrx_word' id='word_1_163' title='bbox 1615 1749 1659 1790; x_wconf 87' lang='lat' dir='ltr'><strong>q.</strong></span> <span class='ocrx_word' id='word_1_164' title='bbox 1692 1749 1725 1778; x_wconf 93' lang='lat' dir='ltr'><strong>s.</strong></span> <span class='ocrx_word' id='word_1_165' title='bbox 1762 1734 1870 1778; x_wconf 83' lang='lat' dir='ltr'><strong>‘co-</strong></span> 
     </span>
     <span class='ocr_line' id='line_1_22' title="bbox 190 1792 1870 1850; baseline 0 -13"><span class='ocrx_word' id='word_1_166' title='bbox 190 1794 377 1839; x_wconf 68' lang='lat' dir='ltr'><strong>mi‘ter:</strong></span> <span class='ocrx_word' id='word_1_167' title='bbox 410 1793 558 1837; x_wconf 88' lang='lat' dir='ltr'><strong>hilare</strong></span> <span class='ocrx_word' id='word_1_168' title='bbox 590 1807 644 1837; x_wconf 93' lang='lat' dir='ltr'><strong>ac</strong></span> <span class='ocrx_word' id='word_1_169' title='bbox 675 1792 922 1838; x_wconf 60' lang='lat' dir='ltr'><strong>lubenter?</strong></span> <span class='ocrx_word' id='word_1_170' title='bbox 971 1793 1033 1836; x_wconf 90' lang='lat' dir='ltr'><strong>Et</strong></span> <span class='ocrx_word' id='word_1_171' title='bbox 1062 1794 1151 1837; x_wconf 90' lang='lat' dir='ltr'><strong>hoc</strong></span> <span class='ocrx_word' id='word_1_172' title='bbox 1182 1795 1230 1837; x_wconf 88' lang='lat' dir='ltr'><strong>et</strong></span> <span class='ocrx_word' id='word_1_173' title='bbox 1261 1805 1459 1849; x_wconf 87' lang='lat' dir='ltr'><strong>sequens</strong></span> <span class='ocrx_word' id='word_1_174' title='bbox 1490 1792 1544 1837; x_wconf 86' lang='lat' dir='ltr'><strong>fr.</strong></span> <span class='ocrx_word' id='word_1_175' title='bbox 1579 1807 1633 1837; x_wconf 89' lang='lat' dir='ltr'><strong>ex</strong></span> <span class='ocrx_word' id='word_1_176' title='bbox 1664 1792 1870 1850; x_wconf 90' lang='lat' dir='ltr'><strong>Telepho</strong></span> 
     </span>
     <span class='ocr_line' id='line_1_23' title="bbox 189 1854 788 1910; baseline -0.003 -13"><span class='ocrx_word' id='word_1_177' title='bbox 189 1855 346 1910; x_wconf 90' lang='lat' dir='ltr'><strong>potest</strong></span> <span class='ocrx_word' id='word_1_178' title='bbox 376 1854 644 1909; x_wconf 88' lang='lat' dir='ltr'><strong>excerptum</strong></span> <span class='ocrx_word' id='word_1_179' title='bbox 674 1865 788 1896; x_wconf 87' lang='lat' dir='ltr'><strong>esse.</strong></span> 
     </span>
    </p>
   </div>
   <div class='ocr_carea' id='block_1_12' title="bbox 948 1932 1109 1980">
    <p class='ocr_par' dir='ltr' id='par_1_12' title="bbox 948 1932 1109 1980">
     <span class='ocr_line' id='line_1_24' title="bbox 948 1932 1109 1980; baseline 0 0"><span class='ocrx_word' id='word_1_180' title='bbox 948 1932 1109 1980; x_wconf 93' lang='lat' dir='ltr'>XXIX</span> 
     </span>
    </p>
   </div>
   <div class='ocr_carea' id='block_1_13' title="bbox 189 2016 1546 2264">
    <p class='ocr_par' dir='ltr' id='par_1_13' title="bbox 189 2016 1546 2264">
     <span class='ocr_line' id='line_1_25' title="bbox 191 2016 1494 2088; baseline -0.002 -18"><span class='ocrx_word' id='word_1_181' title='bbox 191 2017 393 2088; x_wconf 76' lang='lat' dir='ltr'><strong>Homo,</strong></span> <span class='ocrx_word' id='word_1_182' title='bbox 433 2017 526 2086; x_wconf 90' lang='lat' dir='ltr'><strong>qui</strong></span> <span class='ocrx_word' id='word_1_183' title='bbox 565 2017 764 2069; x_wconf 85' lang='lat' dir='ltr'><strong>erranti</strong></span> <span class='ocrx_word' id='word_1_184' title='bbox 803 2016 1026 2069; x_wconf 76' lang='lat' dir='ltr'><strong>comiter</strong></span> <span class='ocrx_word' id='word_1_185' title='bbox 1063 2016 1290 2068; x_wconf 72' lang='lat' dir='ltr'><strong>mostrat</strong></span> <span class='ocrx_word' id='word_1_186' title='bbox 1326 2016 1494 2085; x_wconf 87' lang='lat' dir='ltr'><strong>uiam,</strong></span> 
     </span>
     <span class='ocr_line' id='line_1_26' title="bbox 194 2104 1546 2175; baseline -0.001 -17"><span class='ocrx_word' id='word_1_187' title='bbox 194 2105 356 2169; x_wconf 87' lang='lat' dir='ltr'><strong>Quasi</strong></span> <span class='ocrx_word' id='word_1_188' title='bbox 388 2106 570 2159; x_wconf 75' lang='lat' dir='ltr'><strong>lumen</strong></span> <span class='ocrx_word' id='word_1_189' title='bbox 609 2106 671 2158; x_wconf 91' lang='lat' dir='ltr'><strong>de</strong></span> <span class='ocrx_word' id='word_1_190' title='bbox 710 2124 806 2158; x_wconf 90' lang='lat' dir='ltr'><strong>suo</strong></span> <span class='ocrx_word' id='word_1_191' title='bbox 846 2105 1047 2158; x_wconf 82' lang='lat' dir='ltr'><strong>himine</strong></span> <span class='ocrx_word' id='word_1_192' title='bbox 1087 2104 1359 2175; x_wconf 73' lang='lat' dir='ltr'><strong>accendat,</strong></span> <span class='ocrx_word' id='word_1_193' title='bbox 1396 2105 1546 2157; x_wconf 85' lang='lat' dir='ltr'><strong>facit:</strong></span> 
     </span>
     <span class='ocr_line' id='line_1_27' title="bbox 189 2193 1515 2264; baseline -0.002 -17"><span class='ocrx_word' id='word_1_194' title='bbox 189 2193 318 2247; x_wconf 85' lang='lat' dir='ltr'><strong>Nil6</strong></span> <span class='ocrx_word' id='word_1_195' title='bbox 357 2195 536 2247; x_wconf 88' lang='lat' dir='ltr'><strong>minus</strong></span> <span class='ocrx_word' id='word_1_196' title='bbox 575 2195 679 2263; x_wconf 90' lang='lat' dir='ltr'><strong>ipsi</strong></span> <span class='ocrx_word' id='word_1_197' title='bbox 719 2194 886 2264; x_wconf 84' lang='lat' dir='ltr'><strong>hicet,</strong></span> <span class='ocrx_word' id='word_1_198' title='bbox 926 2212 1046 2246; x_wconf 85' lang='lat' dir='ltr'><strong>cum</strong></span> <span class='ocrx_word' id='word_1_199' title='bbox 1085 2194 1166 2246; x_wconf 84' lang='lat' dir='ltr'><strong>illi</strong></span> <span class='ocrx_word' id='word_1_200' title='bbox 1205 2193 1515 2246; x_wconf 76' lang='lat' dir='ltr'><strong>accenderit.</strong></span> 
     </span>
    </p>
   </div>
   <div class='ocr_carea' id='block_1_14' title="bbox 189 2292 1866 2821">
    <p class='ocr_par' dir='ltr' id='par_1_14' title="bbox 189 2292 1866 2821">
     <span class='ocr_line' id='line_1_28' title="bbox 309 2292 1866 2349; baseline -0.003 -10"><span class='ocrx_word' id='word_1_201' title='bbox 309 2294 467 2339; x_wconf 86' lang='lat' dir='ltr'><strong>Cicero</strong></span> <span class='ocrx_word' id='word_1_202' title='bbox 507 2295 565 2338; x_wconf 88' lang='lat' dir='ltr'><strong>de</strong></span> <span class='ocrx_word' id='word_1_203' title='bbox 597 2294 672 2339; x_wconf 85' lang='lat' dir='ltr'><strong>off.</strong></span> <span class='ocrx_word' id='word_1_204' title='bbox 704 2295 725 2338; x_wconf 95' lang='lat' dir='ltr'>I</span> <span class='ocrx_word' id='word_1_205' title='bbox 750 2299 826 2349; x_wconf 88' lang='lat'><strong>16,</strong></span> <span class='ocrx_word' id='word_1_206' title='bbox 852 2299 906 2338; x_wconf 86' lang='lat'><strong>51</strong></span> <span class='ocrx_word' id='word_1_207' title='bbox 950 2293 1182 2338; x_wconf 79' lang='lat' dir='ltr'><strong>‘omnium</strong></span> <span class='ocrx_word' id='word_1_208' title='bbox 1220 2296 1378 2337; x_wconf 83' lang='lat' dir='ltr'><strong>autem</strong></span> <span class='ocrx_word' id='word_1_209' title='bbox 1416 2292 1679 2337; x_wconf 88' lang='lat' dir='ltr'><strong>communia</strong></span> <span class='ocrx_word' id='word_1_210' title='bbox 1717 2292 1866 2337; x_wconf 84' lang='lat' dir='ltr'><strong>homi·</strong></span> 
     </span>
     <span class='ocr_line' id='line_1_29' title="bbox 191 2351 1865 2410; baseline -0.001 -15"><span class='ocrx_word' id='word_1_211' title='bbox 191 2368 302 2396; x_wconf 92' lang='lat' dir='ltr'><strong>num</strong></span> <span class='ocrx_word' id='word_1_212' title='bbox 347 2353 567 2397; x_wconf 88' lang='lat' dir='ltr'><strong>uidentur</strong></span> <span class='ocrx_word' id='word_1_213' title='bbox 612 2367 688 2410; x_wconf 87' lang='lat' dir='ltr'><strong>ea,</strong></span> <span class='ocrx_word' id='word_1_214' title='bbox 735 2367 856 2408; x_wconf 88' lang='lat' dir='ltr'><strong>quae</strong></span> <span class='ocrx_word' id='word_1_215' title='bbox 903 2355 1012 2397; x_wconf 90' lang='lat' dir='ltr'><strong>sunt</strong></span> <span class='ocrx_word' id='word_1_216' title='bbox 1056 2352 1238 2410; x_wconf 86' lang='lat' dir='ltr'><strong>generis</strong></span> <span class='ocrx_word' id='word_1_217' title='bbox 1283 2352 1402 2408; x_wconf 89' lang='lat' dir='ltr'><strong>eius,</strong></span> <span class='ocrx_word' id='word_1_218' title='bbox 1450 2352 1575 2407; x_wconf 90' lang='lat' dir='ltr'><strong>quod</strong></span> <span class='ocrx_word' id='word_1_219' title='bbox 1614 2352 1673 2395; x_wconf 88' lang='lat' dir='ltr'><strong>ab</strong></span> <span class='ocrx_word' id='word_1_220' title='bbox 1715 2351 1865 2395; x_wconf 86' lang='lat' dir='ltr'><strong>Ennio</strong></span> 
     </span>
     <span class='ocr_line' id='line_1_30' title="bbox 189 2411 1861 2468; baseline -0.001 -14"><span class='ocrx_word' id='word_1_221' title='bbox 189 2411 394 2467; x_wconf 89' lang='lat' dir='ltr'><strong>positum</strong></span> <span class='ocrx_word' id='word_1_222' title='bbox 445 2412 495 2455; x_wconf 89' lang='lat' dir='ltr'><strong>in</strong></span> <span class='ocrx_word' id='word_1_223' title='bbox 547 2426 642 2455; x_wconf 90' lang='lat' dir='ltr'><strong>una</strong></span> <span class='ocrx_word' id='word_1_224' title='bbox 694 2425 743 2456; x_wconf 88' lang='lat' dir='ltr'><strong>re</strong></span> <span class='ocrx_word' id='word_1_225' title='bbox 793 2412 1034 2456; x_wconf 84' lang='lat' dir='ltr'><strong>transferri</strong></span> <span class='ocrx_word' id='word_1_226' title='bbox 1079 2411 1129 2454; x_wconf 91' lang='lat' dir='ltr'><strong>in</strong></span> <span class='ocrx_word' id='word_1_227' title='bbox 1176 2411 1431 2468; x_wconf 89' lang='lat' dir='ltr'><strong>permultas</strong></span> <span class='ocrx_word' id='word_1_228' title='bbox 1477 2413 1634 2467; x_wconf 91' lang='lat' dir='ltr'><strong>potest</strong></span> <span class='ocrx_word' id='word_1_229' title='bbox 1680 2411 1861 2468; x_wconf 83' lang='lat'>[1—3]’</span> 
     </span>
     <span class='ocr_line' id='line_1_31' title="bbox 189 2469 1862 2527; baseline -0.001 -14"><span class='ocrx_word' id='word_1_230' title='bbox 189 2470 368 2514; x_wconf 82' lang='lat' dir='ltr'><strong>Deinde</strong></span> <span class='ocrx_word' id='word_1_231' title='bbox 407 2476 483 2515; x_wconf 83' lang='lat'><strong>52:</strong></span> <span class='ocrx_word' id='word_1_232' title='bbox 540 2471 648 2515; x_wconf 83' lang='lat' dir='ltr'><strong>‘sed</strong></span> <span class='ocrx_word' id='word_1_233' title='bbox 702 2470 924 2527; x_wconf 90' lang='lat' dir='ltr'><strong>quoniam</strong></span> <span class='ocrx_word' id='word_1_234' title='bbox 977 2469 1139 2527; x_wconf 86' lang='lat' dir='ltr'><strong>copiae</strong></span> <span class='ocrx_word' id='word_1_235' title='bbox 1184 2484 1360 2527; x_wconf 86' lang='lat' dir='ltr'><strong>paruae</strong></span> <span class='ocrx_word' id='word_1_236' title='bbox 1407 2469 1693 2526; x_wconf 86' lang='lat' dir='ltr'><strong>singulorum</strong></span> <span class='ocrx_word' id='word_1_237' title='bbox 1741 2472 1862 2524; x_wconf 86' lang='lat' dir='ltr'><strong>sunt,</strong></span> 
     </span>
     <span class='ocr_line' id='line_1_32' title="bbox 191 2527 1863 2587; baseline -0.002 -15"><span class='ocrx_word' id='word_1_238' title='bbox 191 2543 348 2572; x_wconf 91' lang='lat' dir='ltr'><strong>eorum</strong></span> <span class='ocrx_word' id='word_1_239' title='bbox 380 2532 558 2585; x_wconf 88' lang='lat' dir='ltr'><strong>autem,</strong></span> <span class='ocrx_word' id='word_1_240' title='bbox 590 2529 671 2585; x_wconf 90' lang='lat' dir='ltr'><strong>qui</strong></span> <span class='ocrx_word' id='word_1_241' title='bbox 699 2529 773 2573; x_wconf 93' lang='lat' dir='ltr'><strong>his</strong></span> <span class='ocrx_word' id='word_1_242' title='bbox 806 2531 997 2587; x_wconf 85' lang='lat' dir='ltr'><strong>egeant,</strong></span> <span class='ocrx_word' id='word_1_243' title='bbox 1029 2528 1215 2573; x_wconf 87' lang='lat' dir='ltr'><strong>infinita</strong></span> <span class='ocrx_word' id='word_1_244' title='bbox 1245 2531 1316 2573; x_wconf 89' lang='lat' dir='ltr'><strong>est</strong></span> <span class='ocrx_word' id='word_1_245' title='bbox 1346 2527 1619 2582; x_wconf 88' lang='lat' dir='ltr'><strong>multitudo,</strong></span> <span class='ocrx_word' id='word_1_246' title='bbox 1653 2527 1863 2583; x_wconf 87' lang='lat' dir='ltr'><strong>uulgaris</strong></span> 
     </span>
     <span class='ocr_line' id='line_1_33' title="bbox 189 2585 1862 2633; baseline -0.002 -3"><span class='ocrx_word' id='word_1_247' title='bbox 189 2587 449 2632; x_wconf 85' lang='lat' dir='ltr'><strong>liberalitas</strong></span> <span class='ocrx_word' id='word_1_248' title='bbox 480 2588 722 2633; x_wconf 87' lang='lat' dir='ltr'><strong>referenda</strong></span> <span class='ocrx_word' id='word_1_249' title='bbox 754 2590 825 2632; x_wconf 89' lang='lat' dir='ltr'><strong>est</strong></span> <span class='ocrx_word' id='word_1_250' title='bbox 856 2589 917 2632; x_wconf 90' lang='lat' dir='ltr'><strong>ad</strong></span> <span class='ocrx_word' id='word_1_251' title='bbox 947 2588 1082 2631; x_wconf 90' lang='lat' dir='ltr'><strong>illum</strong></span> <span class='ocrx_word' id='word_1_252' title='bbox 1103 2587 1243 2631; x_wconf 87' lang='lat' dir='ltr'><strong>Ennii</strong></span> <span class='ocrx_word' id='word_1_253' title='bbox 1274 2587 1432 2632; x_wconf 88' lang='lat' dir='ltr'><strong>finem:</strong></span> <span class='ocrx_word' id='word_1_254' title='bbox 1463 2586 1647 2629; x_wconf 91' lang='lat' dir='ltr'><strong>nihilo</strong></span> <span class='ocrx_word' id='word_1_255' title='bbox 1678 2585 1862 2628; x_wconf 87' lang='lat' dir='ltr'><strong>minus</strong></span> 
     </span>
     <span class='ocr_line' id='line_1_34' title="bbox 189 2643 1861 2704; baseline -0.001 -15"><span class='ocrx_word' id='word_1_256' title='bbox 189 2646 302 2703; x_wconf 89' lang='lat' dir='ltr'><strong>ipsi</strong></span> <span class='ocrx_word' id='word_1_257' title='bbox 340 2646 527 2691; x_wconf 88' lang='lat' dir='ltr'><strong>lucet.’</strong></span> <span class='ocrx_word' id='word_1_258' title='bbox 590 2647 720 2692; x_wconf 85' lang='lat' dir='ltr'><strong>Idem</strong></span> <span class='ocrx_word' id='word_1_259' title='bbox 752 2661 836 2704; x_wconf 92' lang='lat' dir='ltr'><strong>pro</strong></span> <span class='ocrx_word' id='word_1_260' title='bbox 867 2646 1017 2691; x_wconf 89' lang='lat' dir='ltr'><strong>Balbo</strong></span> <span class='ocrx_word' id='word_1_261' title='bbox 1051 2652 1127 2702; x_wconf 91' lang='grc'>16,</span> <span class='ocrx_word' id='word_1_262' title='bbox 1153 2652 1208 2690; x_wconf 91' lang='grc'><strong>36</strong></span> <span class='ocrx_word' id='word_1_263' title='bbox 1243 2647 1413 2690; x_wconf 78' lang='lat' dir='ltr'><strong>‘comes</strong></span> <span class='ocrx_word' id='word_1_264' title='bbox 1445 2644 1649 2701; x_wconf 88' lang='lat' dir='ltr'><strong>benigni,</strong></span> <span class='ocrx_word' id='word_1_265' title='bbox 1682 2643 1861 2700; x_wconf 86' lang='lat' dir='ltr'><strong>faciles,</strong></span> 
     </span>
     <span class='ocr_line' id='line_1_35' title="bbox 193 2703 1862 2761; baseline -0.002 -13"><span class='ocrx_word' id='word_1_266' title='bbox 193 2719 358 2749; x_wconf 87' lang='lat' dir='ltr'><strong>suaues</strong></span> <span class='ocrx_word' id='word_1_267' title='bbox 397 2705 607 2750; x_wconf 89' lang='lat' dir='ltr'><strong>homines</strong></span> <span class='ocrx_word' id='word_1_268' title='bbox 647 2719 747 2750; x_wconf 88' lang='lat' dir='ltr'><strong>esse</strong></span> <span class='ocrx_word' id='word_1_269' title='bbox 787 2705 1024 2751; x_wconf 87' lang='lat' dir='ltr'><strong>dicuntur:</strong></span> <span class='ocrx_word' id='word_1_270' title='bbox 1063 2705 1159 2761; x_wconf 90' lang='lat' dir='ltr'><strong>qui</strong></span> <span class='ocrx_word' id='word_1_271' title='bbox 1192 2704 1410 2749; x_wconf 89' lang='lat' dir='ltr'><strong>erranti</strong></span> <span class='ocrx_word' id='word_1_272' title='bbox 1441 2703 1679 2747; x_wconf 89' lang='lat' dir='ltr'><strong>comiter</strong></span> <span class='ocrx_word' id='word_1_273' title='bbox 1709 2718 1862 2747; x_wconf 90' lang='lat' dir='ltr'><strong>mon—</strong></span> 
     </span>
     <span class='ocr_line' id='line_1_36' title="bbox 193 2764 1176 2821; baseline 0.001 -14"><span class='ocrx_word' id='word_1_274' title='bbox 193 2766 338 2808; x_wconf 88' lang='lat' dir='ltr'><strong>strat</strong></span> <span class='ocrx_word' id='word_1_275' title='bbox 368 2764 537 2821; x_wconf 90' lang='lat' dir='ltr'><strong>uiam,</strong></span> <span class='ocrx_word' id='word_1_276' title='bbox 568 2764 790 2821; x_wconf 86' lang='lat' dir='ltr'><strong>benigne,</strong></span> <span class='ocrx_word' id='word_1_277' title='bbox 822 2779 917 2808; x_wconf 92' lang='lat' dir='ltr'><strong>non</strong></span> <span class='ocrx_word' id='word_1_278' title='bbox 947 2765 1176 2821; x_wconf 82' lang='lat' dir='ltr'><strong>grauate.’</strong></span> 
     </span>
    </p>
   </div>
   <div class='ocr_carea' id='block_1_15' title="bbox 191 2849 1863 2965">
    <p class='ocr_par' dir='ltr' id='par_1_15' title="bbox 191 2849 1863 2965">
     <span class='ocr_line' id='line_1_37' title="bbox 312 2849 1863 2908; baseline -0.001 -14"><span class='ocrx_word' id='word_1_279' title='bbox 312 2857 334 2894; x_wconf 94' lang='lat'>1</span> <span class='ocrx_word' id='word_1_280' title='bbox 368 2854 422 2895; x_wconf 90' lang='lat' dir='ltr'><strong>ut</strong></span> <span class='ocrx_word' id='word_1_281' title='bbox 450 2852 590 2896; x_wconf 90' lang='lat' dir='ltr'><strong>homo</strong></span> <span class='ocrx_word' id='word_1_282' title='bbox 621 2853 770 2897; x_wconf 76' lang='lat' dir='ltr'><strong>Basil.</strong></span> <span class='ocrx_word' id='word_1_283' title='bbox 809 2853 928 2897; x_wconf 83' lang='lat' dir='ltr'><strong>Oehl.</strong></span> <span class='ocrx_word' id='word_1_284' title='bbox 961 2854 1019 2908; x_wconf 79' lang='lat' dir='ltr'><strong>cf.</strong></span> <span class='ocrx_word' id='word_1_285' title='bbox 1051 2850 1423 2898; x_wconf 67' lang='lat' dir='ltr'><strong>corozz.‚XXXV1</strong></span> <span class='ocrx_word' id='word_1_286' title='bbox 1510 2851 1707 2893; x_wconf 88' lang='lat' dir='ltr'><strong>mostrat</strong></span> <span class='ocrx_word' id='word_1_287' title='bbox 1737 2849 1863 2893; x_wconf 90' lang='lat' dir='ltr'><strong>uiam</strong></span> 
     </span>
     <span class='ocr_line' id='line_1_38' title="bbox 191 2908 1862 2965; baseline -0.001 -13"><span class='ocrx_word' id='word_1_288' title='bbox 191 2909 397 2955; x_wconf 80' lang='lat' dir='ltr'><strong>Ambros.</strong></span> <span class='ocrx_word' id='word_1_289' title='bbox 422 2910 563 2956; x_wconf 73' lang='lat' dir='ltr'><strong>Rern.</strong></span> <span class='ocrx_word' id='word_1_290' title='bbox 590 2912 615 2956; x_wconf 86' lang='lat' dir='ltr'><strong><em>b</em></strong></span> <span class='ocrx_word' id='word_1_291' title='bbox 646 2910 774 2954; x_wconf 89' lang='lat' dir='ltr'><strong>uiam</strong></span> <span class='ocrx_word' id='word_1_292' title='bbox 797 2913 1027 2955; x_wconf 85' lang='lat' dir='ltr'><strong>monstrat</strong></span> <span class='ocrx_word' id='word_1_293' title='bbox 1048 2911 1208 2955; x_wconf 83' lang='lat' dir='ltr'><strong>Bamb.</strong></span> <span class='ocrx_word' id='word_1_294' title='bbox 1240 2909 1470 2953; x_wconf 88' lang='lat' dir='ltr'><strong>monstrat</strong></span> <span class='ocrx_word' id='word_1_295' title='bbox 1493 2908 1619 2952; x_wconf 88' lang='lat' dir='ltr'><strong>uiam</strong></span> <span class='ocrx_word' id='word_1_296' title='bbox 1643 2926 1677 2965; x_wconf 90' lang='grc' dir='ltr'>φ</span> <span class='ocrx_word' id='word_1_297' title='bbox 1755 2914 1779 2951; x_wconf 83' lang='grc'>2</span> <span class='ocrx_word' id='word_1_298' title='bbox 1806 2909 1862 2951; x_wconf 91' lang='lat' dir='ltr'><strong>de</strong></span> 
     </span>
    </p>
   </div>
  </div>
 </body>
</html>
