2020 3140
203 100 314 153 290
492 99 574 143 EX
602 98 876 144 INCERTIS
906 98 1304 144 INCERTORVM
1335 99 1591 145 FABVLIS

202 232 383 288 Nolite,
429 231 605 288 inquit,
651 231 885 288 hospites’
932 245 969 275 e.
1002 246 1045 287 q
1080 247 1114 276 s.
1178 231 1312 290 [Enn.
1361 232 1476 289 Thy.
1515 233 1641 299 VIII]
1693 233 1771 276 ‘tu
1816 235 1880 288 te,

203 292 320 348 Thy
329 292 472 345 esta,
527 290 773 333 damnabis
828 289 1108 346 orbabisque
1161 290 1264 334 1000
1316 293 1506 348 propter
1549 291 1648 334 uim
1694 291 1880 335 sceleris

204 349 401 395 alieni?’
457 349 684 393 Numeros
717 349 963 393 constituit
992 349 1247 406 Bentleius,
1280 363 1419 416 quem
1447 352 1606 394 tamen
1637 350 1882 406 sequentia

203 409 346 452 etiam
390 407 544 452 Iouis
590 407 701 452 iste
748 407 973 463 quidem
1018 422 1298 465 pronepos
1344 408 1497 452 minus
1541 411 1667 453 recte
1711 412 1881 466 poetae

202 467 384 511 dedisse
415 466 651 511 intellexit
679 469 787 524 post
809 467 1052 544 Davisium
1067 467 1278 512 Wolfius
1327 467 1521 525 Sumpta
1550 468 1748 512 fortasse
1773 471 1882 513 sunt

202 540 256 570 ex
286 525 427 570 Ennii
457 526 676 582 Thyesta.

319 620 341 658 1
377 629 506 659 socro
542 614 755 660 Klotzius
793 628 950 659 socero
989 633 1024 659 ω
1065 630 1198 659 80010
1233 616 1471 660 Bentleius
1590 621 1615 659 2
1646 618 1808 673 raptus
1839 623 1880 661 et

198 689 339 731 supra
379 675 458 719 lin.
498 673 648 730 ruptis
687 675 828 719 Rehd.
868 676 1030 731 raptus
1070 675 1191 721 Pith.
1237 676 1378 719 Ooeon.
1411 688 1532 719 unus
1568 677 1706 731 raptu
1737 676 1878 720 Bent-

201 735 312 778 {eius
399 734 623 776 nanctust
658 734 907 791 Treyderus
935 736 1134 777 nanctus
1169 734 1289 778 Gud.
1322 735 1433 792 Rey.
1465 735 1630 777 nactus
1663 736 1734 778 est
1757 735 1880 780 Pith.

198 795 364 836 nactus
396 793 603 837 Bruoeell.
638 806 739 837 cum
770 795 925 838 ceteris
956 795 1085 838 libris
1114 794 1315 837 nactu'st
1343 794 1582 838 Bentleius

956 918 1123 966 LVIH

111 1000 300 1059 110'Ob
331 1001 528 1054 scelera
560 1001 829 1071 animique
859 1002 1215 1070 inpotentiam
1247 1003 1300 1054 et
1330 1001 1877 1071 superbiloquentiam

319 1101 477 1146 Cicero
509 1102 643 1148 Tusc.·
678 1102 796 1159 disp.
823 1102 889 1146 IV
914 1107 982 1159 16,
1009 1107 1064 1146 35
1101 1104 1259 1159 ‘quam
1290 1102 1387 1145 uim
1415 1101 1531 1146 mali
1563 1101 1880 1159 significantes

196 1163 365 1218 poetae
404 1161 735 1218 impendere
767 1162 917 1217 apud
947 1161 1165 1206 inferos
1199 1176 1391 1206 saxum
1421 1161 1666 1205 Tantalo
1697 1160 1879 1204 faciunt

198 1220 278 1264 obv
301 1220 544 1264 scelera'
581 1234 618 1264 0.
645 1235 688 1276 q.
715 1236 748 1264 8.
795 1221 977 1264 Nonius
1001 1236 1044 1278 p.
1073 1226 1179 1278 175,
1205 1226 1261 1265 30
1297 1219 1876 1277 ‘superbiloquentia.

199 1279 359 1324 Cicero
392 1279 762 1323 Tusculanarum
791 1279 873 1323 lib.
898 1280 1002 1325 IIII:
1037 1279 1290 1336 animique’
1325 1293 1363 1325 0.
1395 1295 1438 1335 q.
1472 1295 1505 1324 8.

976 1404 1089 1451 LIX

198 1487 384 1541 Mento
425 1507 687 1540 summam
726 1506 936 1540 amnem
974 1487 1264 1560 attingens,
1304 1491 1517 1541 enectus
1555 1488 1645 1540 siti

318 1588 476 1633 Cicero
501 1589 635 1632 Tusc.
662 1588 780 1646 disp.
804 1590 826 1632 I
850 1594 890 1641 5,
917 1594 972 1632 10
1008 1589 1114 1645 ‘dic,
1147 1603 1334 1646 quaeso,
1366 1604 1479 1632 num
1505 1591 1554 1633 te
1576 1588 1661 1632 illa
1684 1590 1875 1645 terrent,

197 1648 369 1705 triceps
402 1648 528 1705 apud
559 1647 731 1692 inferos
757 1647 996 1703 Cerberus,
1029 1648 1190 1705 Cocyti
1216 1648 1442 1704 fremitus,
1474 1647 1702 1692 trauectio
1726 1648 1877 1692 Ache-

195 1708 358 1764 rontis,
390 1709 576 1751 mento
603 1743 670 1751 ...
698 1706 800 1750 siti
825 1707 1161 1753 Tantalus?’
1209 1708 1330 1753 Non.
1354 1712 1456 1763 401,
1474 1711 1530 1750 26
1558 1708 1871 1763 ‘summum,

195 1766 471 1823 proximum.
535 1765 694 1810 Cicero
734 1766 1103 1810 Tusculanarum
1140 1766 1221 1811 lib.
1254 1767 1294 1811 I:
1343 1780 1611 1810 summam
1637 1803 1645 1810 .
1667 1802 1704 1811 ..
1730 1766 1873 1810 Tan-

196 1825 385 1870 talus?
434 1824 700 1869 Priscianus
732 1840 776 1881 p.
802 1830 885 1869 861
910 1825 963 1870 P.
1012 1827 1222 1869 ‘necatus
1262 1840 1290 1869 a
1327 1825 1495 1869 necaui
1533 1827 1581 1869 et
1614 1827 1812 1869 nectus
1847 1839 1876 1868 a

198 1884 335 1928 necui
373 1883 502 1928 facit.
564 1883 787 1928 Horatius
814 1920 822 1928 .
844 1920 851 1928 .
873 1922 881 1929 .
907 1886 1095 1928 enectus
1129 1885 1317 1928 arando.
1379 1884 1540 1927 Liuius
1565 1921 1574 1929 .
1595 1920 1603 1928 .
1626 1920 1634 1928 .
1660 1883 1879 1939 squalore

200 1943 364 1988 enecti.
421 1943 579 1987 Cicero
611 1943 980 1986 Tusculanarum
1001 1943 1042 1989 I:
1076 1946 1308 1988 enectus
1341 1943 1438 1987 siti
1472 1943 1782 1987 Tantalus.’

315 2045 500 2075 amnem
531 2031 634 2076 Bue
673 2045 843 2087 aquam
874 2050 909 2076 ω
944 2033 1117 2087 aqiiam
1146 2033 1473 2077 Lachmanrms
1504 2046 1673 2087 aquam
1703 2031 1875 2075 nitenti

195 2091 482 2136 Ritsclaelius.
575 2104 686 2157 eqo.
708 2092 898 2135 ‚mento
940 2092 1168 2135 summum
1205 2091 1395 2135 laticem
1425 2105 1459 2135 0.
1492 2107 1530 2147 q.
1561 2105 1595 2135 s.
1636 2092 1741 2134 olim
1765 2104 1872 2156 pro-

189 2164 430 2206 posueram
560 2149 788 2206 attingets
843 2150 993 2194 Nonii
1041 2151 1173 2195 G1L1
1227 2149 1431 2206 attinget
1483 2150 1529 2194 B
1542 2149 1674 2194 &212²
1793 2148 1872 2192 8111

114 2241 119 2246 -
195 2211 383 2253 0000108
429 2209 657 2253 Ciceroms
686 2226 713 2266 χ
837 2210 1037 2254 Ceterum
1076 2211 1195 2267 quod
1232 2211 1358 2266 apud
1391 2209 1643 2253 Ciceronem
1672 2210 1877 2264 sequitur

191 2267 419 2311 Tantalus
451 2269 658 2312 dubitari
681 2281 810 2324 posse
839 2270 1017 2313 ‘monuit
1045 2269 1379 2322 Fleckeisenus,
1410 2274 1561 2312 utrum
1595 2284 1623 2312 α
1655 2273 1790 2323 poeta
1821 2268 1872 2310 in

191 2329 414 2384 sequentis
442 2340 595 2371 versus
625 2328 760 2371 initio
791 2342 854 2371 an
881 2329 939 2371 ab
963 2329 1061 2383 ipso
1086 2329 1296 2372 Cicerone
1320 2329 1528 2371 additum
1551 2328 1622 2372 sit.
1713 2327 1873 2369 11101110

195 2400 228 2429 s.
267 2385 505 2442 attingens
539 2399 710 2440 aquam
743 2385 823 2430 siti
854 2389 1073 2430 enecatus
1105 2385 1332 2431 Tantalus
1364 2401 1397 2430 x

985 2511 1073 2558 LX

926 2592 1124 2647 Atreus

192 2681 421 2734 Proinde
459 2681 537 2733 sta
574 2685 764 2750 parent
801 2700 855 2734 se
895 2682 952 2734 in
989 2682 1125 2752 ulta,
1163 2686 1225 2734 ut
1261 2682 1405 2734 uinci
1443 2681 1695 2733 nesciant.

312 2781 468 2825 Cicero
493 2782 626 2826 Tuse.
654 2781 769 2838 disp.
795 2782 838 2826 V
863 2787 932 2839 18,
959 2788 1013 2826 52
1049 2784 1152 2827 ‘nec
1181 2784 1317 2838 putet
1348 2781 1408 2825 ad
1432 2793 1480 2823 se
1502 2782 1865 2836 praeceptum

191 2839 536 2941 iVthiclAtrei
567 2840 819 2896 pert-inere:
851 2842 1117 2898 proinde’
1146 2855 1183 2885 e.
1209 2856 1265 2896 q.
1279 2855 1312 2884 s
1373 2838 1503 2882 Accii
1526 2839 1667 2881 Atreo
1698 2838 1866 2882 tribuit

234 2899 278 2941 0
301 2913 324 2942 0
360 2912 462 2942 0108
