2010 3146
793 79 844 133 Q.
876 81 1102 126 ENNIVS
1719 83 1790 136 29

114 216 233 260 Tum
262 215 469 273 profecto
502 213 739 258 uideretur
770 228 798 258 a
829 214 978 260 bonis.
1026 215 1090 259 At
1123 212 1246 259 certe
1278 215 1323 259 ei
1352 214 1518 259 melius
1544 215 1790 272 euenisset,

115 290 201 320 nec
238 277 338 319 tam
374 273 595 318 flebiliter
631 273 717 316 illa
755 276 1031 318 canerentur
1062 275 1258 332 [12-14
1284 275 1310 318 .’
1375 274 1561 319 Servius
1592 275 1709 320 Dan.
1742 275 1793 318 in

113 335 227 379 Aen.
251 335 274 382 I
292 338 375 377 726
403 332 601 391 ‘legitur
624 335 671 376 et
694 332 1040 378 lacuaribus.
1085 333 1242 378 Cicero
1307 333 1636 378 usculanarum
1681 335 1789 392 10].’

115 393 273 439 Cicero
297 393 431 438 Tusc.
458 392 575 449 disp.
603 392 668 435 ΠΙ
691 397 762 448 22,
787 395 842 435 53
878 392 952 435 ehi
982 394 1200 449 poterant
1231 406 1390 437 omnes
1423 393 1587 437 eadem
1621 392 1629 400 '
1674 407 1702 437 a
1733 393 1791 437 de

114 452 441 497 Andromacha
474 451 736 508 deplorare:
767 451 906 494 haec
938 451 1124 498 omnia
1155 451 1298 508 uidi,
1334 452 1416 496 sed
1444 451 1541 496 iam
1572 452 1792 496 decanta-

112 513 281 556 uerant
310 511 540 556 fortasse.’
589 510 709 555 Non.
737 515 834 566 181,
863 515 885 553 1
922 510 1194 567 ‘turpari‚
1228 525 1256 555 a
1279 511 1583 568 turpitudine.
1632 510 1791 556 Cicero

113 570 484 615 Tusculanarum
529 569 609 614 lib.
648 569 735 613 1111
783 570 921 627 [14]’.
991 568 1232 622 Quaedam
1278 583 1334 614 ex
1378 570 1467 614 hoc
1514 570 1696 615 cantico
1743 570 1793 614 in

113 629 245 674 Accii
291 629 524 686 Eurysace
573 628 756 686 agenda
802 642 924 672 anno
972 633 1056 673 696
1102 629 1313 685 Aesopus
1361 643 1418 673 ex
1463 629 1791 674 Andromacha

111 689 254 733 Ennii
292 687 555 744 transtulit,
595 701 633 733 e.
666 701 702 732 c.
744 701 770 730 o
810 689 974 743 pater
1013 690 1060 731 et
1098 703 1140 733 v.
1178 693 1254 734 12:
1296 687 1362 732 sic
1402 688 1527 732 enim
1558 687 1791 733 Ciceronis

112 762 198 805 pro
239 747 389 792 Sestio
423 751 499 804 57,
527 751 608 790 121
656 746 971 790 narrationem
1016 746 1418 804 interpretandam
1464 761 1564 791 esse
1604 749 1793 792 demon-

115 806 262 851 stravi
300 806 351 850 in
389 808 567 862 quaest.
608 819 728 850 scen.
762 810 847 848 328
867 820 932 861 sq.
994 806 1124 850 Idem
1163 820 1349 850 carmen
1383 806 1599 850 Tacitum
1638 807 1792 852 annal.

114 867 222 910 XIII
258 870 311 909 15
358 865 631 922 intellegere
667 863 1013 914 ,animadvertit
1059 865 1296 910 Columna.
1364 865 1554 909 Adlusit
1598 866 1793 910 Plautus

115 925 284 969 Bacch.
318 929 403 968 933
435 924 508 981 (cf.
543 926 722 980 quaest.
755 937 875 967 scen.
898 926 1022 981 353).
1075 924 1286 968 Colorem
1318 938 1374 969 ex
1403 925 1493 969 hoc
1523 925 1626 969 loco
1649 925 1796 970 traxit

114 983 305 1028 Porcius
335 984 476 1027 Latro
508 983 558 1027 in
590 983 791 1027 Senecae
824 986 1029 1028 controv.
1060 999 1104 1040 p.
1133 989 1216 1028 153
1243 984 1298 1028 K.
1346 986 1450 1041 (106
1475 985 1557 1041 M.)

236 1077 379 1116 1—14
408 1086 616 1117 ‘numeros
646 1073 881 1117 constituit
911 1073 1147 1117 Bentleius
1254 1077 1279 1116 2
1313 1071 1424 1116 exili
1454 1082 1506 1130 ψ,
1543 1074 1794 1128 Bentleius,

114 1146 197 1177 om.
230 1149 256 1190 χ
294 1131 423 1177 exilii
454 1132 564 1189 Rey.
601 1131 720 1176 (ἔνιά.
754 1131 903 1176 Brux.
1024 1131 1165 1188 fugae
1196 1146 1318 1176 unus
1353 1132 1519 1189 Ooeo‘n„
1558 1133 1795 1177 Bentleius

113 1191 229 1248 fuga
253 1208 289 1247 φ
408 1192 584 1236 hiatwm
614 1192 747 1235 tollas
778 1205 869 1245 quo
895 1196 1000 1248 post
1031 1192 1114 1234 aut
1140 1193 1376 1236 inserendo
1513 1197 1539 1235 3
1572 1191 1795 1236 accedam

115 1252 172 1307 (h.
205 1265 239 1295 c.
281 1249 508 1307 accidam)
549 1251 655 1294 libri
691 1251 872 1306 optimi,
910 1251 1148 1295 Bentleius
1193 1249 1404 1294 accidam
1434 1251 1574 1296 Rern.
1608 1252 1633 1295 b
1664 1265 1793 1307 corr„

113 1311 232 1368 ναῖς.
275 1309 451 1355 Cretica
488 1310 616 1353 illius
653 1323 824 1366 quoque
862 1310 1034 1364 formae
1071 1323 1283 1354 menswra
1415 1314 1444 1352 4
1474 1309 1612 1366 patri'
1652 1311 1794 1355 Bent-

115 1370 230 1413 leius
356 1373 381 1412 5
417 1370 563 1412 stant:
606 1369 663 1423 cf.
695 1369 846 1413 coroll.
878 1367 984 1411 XXI
1105 1373 1130 1412 6
1164 1367 1339 1414 abiete:
1379 1370 1437 1423 cf.
1470 1369 1795 1414 Lachmannus

114 1429 167 1472 in
204 1428 342 1473 Lacr.
375 1428 440 1471 II
464 1432 547 1471 991
670 1432 815 1470 7-14
851 1429 1019 1472 solutos
1056 1434 1324 1484 anapaestos
1361 1429 1546 1485 aynovit
1586 1428 1641 1473 G.
1675 1429 1792 1474 Her-

114 1501 312 1531 mawnus
432 1491 457 1530 9
490 1486 756 1530 adstantem
785 1496 824 1542 ψ
858 1487 988 1531 Tusc.
1013 1487 1107 1530 III
1125 1491 1179 1530 19
1295 1491 1349 1530 10
1380 1486 1581 1531 lacuatis
1613 1487 1795 1533 Servius

115 1545 349 1601 laqueatis
382 1545 608 1591 Ciceronis
630 1563 665 1589 ω
739 1550 792 1588 12
824 1544 953 1589 uidei
985 1546 1212 1590 Vahlenus
1241 1545 1374 1590 uidet
1398 1545 1586 1591 Abi-inc.
1612 1546 1716 1592 Erl.
1742 1549 1796 1592 de

114 1619 179 1650 or.
204 1604 305 1648 uidi
329 1622 364 1661 φ
427 1603 705 1648 inflammari
730 1622 764 1648 ω
828 1608 882 1647 13
908 1603 1104 1648 euitarei
1125 1606 1353 1650 Vahlemis
1379 1604 1581 1649 euitaret
1604 1606 1792 1652 Abrinc.

115 1664 218 1708 Erz.
250 1665 361 1709 ibid.
394 1662 537 1707 uitari
569 1681 603 1720 φ
697 1668 752 1707 14
783 1663 963 1720 turpari
993 1681 1027 1707 ω

934 1775 979 1822 Χ

118 1849 204 1902 Ex
243 1849 435 1919 opibus
473 1849 695 1902 summis
733 1850 850 1919 opis
889 1869 1070 1922 egenS,
1108 1850 1332 1920 Hector,
1371 1854 1494 1904 tuae

236 1943 394 1988 Cicero
427 1942 560 1987 Tusc.
595 1941 712 1999 disp.
744 1943 810 1987 III
835 1948 903 2001 19,
927 1949 986 1989 44
1018 1944 1091 2002 (cf.
1123 1945 1217 2001 IX).

919 2055 989 2102 XI

118 2129 343 2193 Quantis
382 2148 502 2182 cum
541 2130 807 2183 aerumnis
844 2130 1000 2184 sslum
1040 2131 1321 2185 exanclaul'
1355 2132 1516 2185 diem!
1826 2142 1882 2181 90

232 2223 352 2268 Non.
387 2228 485 2280 292,
512 2229 537 2267 8
574 2223 898 2268 ‘exanclare
931 2224 1077 2269 etiam
1108 2225 1342 2283 significat
1371 2225 1565 2283 perpeti.
1615 2225 1793 2271 Ennius

115 2281 507 2326 Andromache
532 2283 676 2327 malo
702 2283 1026 2339 torquentis
1052 2286 1173 2328 cum'
1197 2299 1236 2330 e.
1255 2300 1298 2340 q.
1317 2299 1350 2329 S.
1384 2285 1729 2342 (torquantis
1753 2295 1792 2343 ψ

116 2341 506 2386 Andromache
537 2342 801 2386 molott0:
834 2343 1064 2398 quantis
1089 2344 1320 2388 Mercerus
1345 2344 1508 2390 Andr.
1536 2345 1793 2389 aechma-

117 2399 320 2446 lotide:
354 2401 586 2456 quantis
618 2400 849 2458 Rothius.)

906 2483 1003 2530 XII

116 2554 268 2626 Vids,
306 2557 486 2610 uidere
525 2558 669 2627 qu6d
706 2561 790 2610 me
827 2577 981 2627 passa
1019 2561 1347 2631 aegerrume,

116 2643 403 2698 Hect6rem
441 2665 600 2699 curru
639 2646 954 2718 quadriiugo
993 2649 1275 2718 raptarier,

114 2732 364 2786 Hectoris
401 2738 588 2788 natum
627 2735 690 2788 de
727 2754 881 2790 muro
920 2736 1179 2790 iactarier.

235 2826 392 2871 Cicero
416 2827 550 2873 Tusc.
576 2828 693 2885 disp.
718 2829 739 2872 Ι
754 2833 826 2885 44,
847 2834 929 2874 105
958 2829 1130 2874 ‘trahit
1145 2830 1420 2875 Hectorem.
1442 2866 1450 2875 .
1472 2829 1703 2874 .Achilles
1723 2868 1731 2876 .
1750 2868 1757 2875 .
1778 2867 1787 2876 .

117 2883 180 2928 At
217 2884 301 2929 illa
340 2885 460 2931 sicut
497 2887 845 2932 acerbissimam
876 2902 972 2932 rem
1002 2891 1199 2934 maeret:
1241 2890 1301 2948 [1.
1336 2890 1382 2948 2]
1416 2888 1670 2935 ...Melius
1702 2890 1790 2934 Ac-
