2020 3140
430 112 512 156 EX
541 111 818 158 INGERTIS
849 112 915 156 [N
918 111 1249 158 CERTORVM
1281 112 1534 157 FABVLIS
1714 115 1820 168 299

144 261 229 291 nos
262 245 411 291 aeris
444 245 671 303 argenti
702 245 825 289 auri
855 259 999 290 uenas
1030 245 1260 302 penitus
1292 245 1526 290 abditas
1557 246 1819 292 inuenimus

144 309 193 350 et
223 306 285 350 ad
314 320 450 349 usum
481 307 617 361 aptas
650 307 697 349 et
727 305 789 349 ad
820 307 1034 349 ornatum
1062 305 1266 350 decoras.
1273 305 1286 326 ’
1335 305 1468 349 Vnde
1491 319 1651 350 versus
1674 307 1821 363 parti-

146 365 300 409 culam
354 363 514 408 elicuit
566 366 675 421 post
721 364 969 408 Gruterum
1012 363 1240 421 Langius,
1295 364 1376 420 qui
1430 365 1710 421 comparabis
1765 380 1821 410 ex

145 423 367 480 Aeschyli
396 423 672 468 Prometheo
703 438 745 467 v.
780 427 865 466 500
890 437 988 478 sqq.
1039 423 1204 477 ἔνερθε
1235 422 1287 467 δὲ
1320 422 1494 480 χθονός
1523 423 1816 483 Κεκρυμμέν’

143 484 467 539 ἀνθρώποισιν
513 481 794 539 ὠφελήματα
836 482 1023 526 Χαλκὸν
1070 480 1261 539 σίδηρον
1308 482 1513 540 ἄργυρον
1559 484 1728 540 χρυσόν
1770 500 1819 528 τε

140 559 182 587 κ.
213 558 250 586 τ.
285 546 322 586 λ.
367 541 499 585 Αο011
549 541 824 585 Prometheo
878 540 963 585 1113
1015 540 1202 598 tribuit,
1258 542 1340 585 sed
1395 541 1582 586 omnino
1639 543 1819 588 incerta

142 600 421 645 coniectura.

258 690 320 734 Iri
349 690 602 747 septenario
631 687 815 745 repperi
845 702 879 732 e.
912 702 947 733 0.
980 689 1185 744 suppleri
1216 690 1317 734 licet

853 813 1105 861 LXXXVI

140 884 297 937 Prius
334 884 490 936 lindis
527 884 742 935 flamma
1822 896 1905 936 155

258 985 416 1030 Cicero
446 984 565 1030 Phil.
597 984 705 1028 ΧΠΙ
729 989 805 1040 21,
830 988 887 1027 49
930 983 1111 1040 ‘prius
1147 983 1315 1027 undis
1352 983 1601 1040 flamma,
1641 987 1703 1029 ut
1734 985 1818 1030 ait

138 1047 308 1101 poeta
352 1043 547 1088 nescio
586 1043 733 1100 quis,
779 1042 907 1100 prius
947 1042 1147 1098 denique
1186 1042 1362 1099 omnia,
1410 1057 1552 1099 quam
1591 1047 1675 1087 aut
1712 1059 1817 1088 cum

137 1103 354 1148 Antoniis
391 1116 464 1147 res
501 1102 692 1159 publica
732 1104 815 1146 aut
854 1116 959 1146 cum
995 1115 1044 1146 re
1082 1101 1273 1158 publica
1303 1102 1497 1146 Antonii
1534 1103 1729 1147 redeant
1766 1103 1817 1148 in

135 1162 371 1220 gratiam.’
437 1161 501 1206 Cf.
542 1161 743 1219 Augusti
790 1160 967 1205 dictum
1006 1161 1131 1218 apud
1171 1160 1382 1205 Cassium
1418 1161 1615 1206 Dionem
1655 1163 1736 1206 LV
1760 1168 1814 1207 13

136 1226 318 1267 θᾶσσον
351 1259 360 1266 .
389 1258 397 1265 .
431 1228 523 1277 πῦρ
576 1220 715 1265 ὕδατι
760 1220 1091 1279 μιχθήσεσθαι.
1154 1220 1420 1264 Promethei
1474 1234 1574 1265 esse
1619 1225 1816 1278 possunt

137 1280 261 1339 (hist.
294 1283 413 1338 trag.
446 1283 566 1338 545).

253 1369 391 1413 undis
430 1368 617 1413 flamma
655 1387 682 1426 χ
723 1369 935 1414 Ferrarii
978 1369 1127 1412 undas
1173 1368 1410 1412 flammam
1447 1378 1485 1425 ψ
1534 1383 1638 1412 011111
1676 1369 1814 1413 undis

136 1429 324 1473 flamma
359 1428 531 1487 Gryph.

839 1493 1116 1541 LXXXVII

135 1577 409 1632 'Animum
448 1578 668 1630 aduorte
707 1596 767 1630 30
807 1577 949 1631 dicto
987 1579 1135 1647 pare!
1819 1560 1903 1674 ig?

822 1665 853 1699 ἧς
1106 1666 1138 1699 >10

963 1703 995 1736 ae

135 1755 354 1808 Praeter
391 1755 685 1825 rogitatum
724 1754 769 1806 si
806 1754 981 1807 hisces

254 1855 411 1900 Cicero
441 1869 525 1912 pro
556 1854 748 1900 Rabirio
779 1855 904 1899 Post.
933 1860 1009 1912 11,
1037 1860 1092 1899 29
1131 1857 1348 1913 ‘regum
1379 1856 1539 1899 autem
1563 1856 1671 1898 sunt
1694 1854 1811 1898 haec

134 1915 394 1972 imperia:
451 1914 694 1958 animum
747 1915 984 1958 aduorte
1036 1929 1098 1959 30
1145 1914 1298 1959 dicto
1344 1927 1498 1971 pare3
1556 1916 1603 1957 et
1646 1914 1714 1972 [2]
1762 1915 1810 1957 et

135 1975 247 2019 illae
277 1974 432 2018 minae
465 1974 600 2033 [Enn.
633 1973 752 2018 Med
778 1974 916 2032 VII].'

254 2068 280 2106 2
313 2062 352 2106 si
397 2062 547 2106 hisces
593 2063 754 2118 scripsi
792 2061 832 2105 si
870 2063 954 2119 (vel
992 2062 1070 2119 sit)
1106 2061 1183 2118 pie
1223 2063 1310 2118 (vel
1346 2060 1470 2118 piae)
1503 2079 1538 2105 ω
1578 2060 1618 2104 si
1656 2059 1809 2133 sapies

136 2124 362 2181 Berykius
393 2121 556 2178 supple
589 2122 846 2166 Palmerius
877 2120 917 2164 si
948 2121 1061 2176 quid
1092 2122 1311 2165 Halmius
1424 2121 1520 2165 Vno
1550 2134 1681 2164 versu
1711 2119 1810 2163 ani-

134 2196 262 2225 mum
294 2195 334 2226 a.
368 2195 422 2224 30
455 2181 498 2225 d.
529 2195 573 2236 p.
608 2182 655 2224 et
684 2182 869 2236 praeter
898 2180 1156 2236 rogitatum
1188 2179 1272 2223 sile
1303 2180 1406 2223 Rue

816 2289 1119 2337 LXXXVIII

131 2373 359 2426 Pereant
398 2373 575 2442 amici,
615 2373 740 2425 dum
778 2372 983 2424 inimici
1021 2391 1127 2424 11113
1165 2372 1505 2425 intercidant!

253 2473 410 2518 Cicero
440 2487 524 2529 pro
555 2486 664 2529 rege
695 2472 915 2516 Deiotaro
948 2476 996 2527 9,
1022 2477 1076 2516 25
1119 2473 1194 2516 ‘de
1224 2471 1430 2516 Domitio
1471 2472 1592 2516 dixit
1621 2486 1807 2516 uersum

134 2533 359 2577 Graecum
400 2532 564 2575 eadem
603 2531 855 2586 sententia,
896 2545 988 2586 qua
1020 2530 1164 2574 0113111
1193 2545 1277 2575 nos
1309 2532 1533 2575 habemus
1563 2531 1805 2577 Latinum:

131 2592 392 2648 pereant’
428 2605 465 2634 e.
499 2605 541 2645 q.
576 2605 609 2634 s.
764 2591 949 2633 ‘uersus
994 2589 1243 2634 immanis?
1307 2590 1596 2646 Augustinus
1644 2593 1807 2635 contra

132 2652 357 2694 Faustum
387 2655 440 2694 16
476 2649 623 2693 ‘sicut
653 2651 724 2692 est
754 2648 839 2691 1113
868 2647 1113 2692 notissima
1144 2650 1193 2692 et
1222 2649 1514 2704 quarundam
1543 2649 1803 2693 litterarum

132 2709 382 2753 memoriae
436 2708 760 2752 commendata
812 2706 988 2750 fumosa
1043 2707 1299 2773 sententia·
1352 2709 1570 2764 pereant’
1621 2721 1659 2753 e
1692 2722 1734 2763 q.
1769 2723 1803 2752 s.

134 2767 312 2812 Graeca
357 2767 489 2812 varia
535 2765 794 2842 comparari
839 2765 971 2822 licet,
1018 2765 1228 2822 inprimis
1277 2766 1433 2823 adesp.
1476 2769 1595 2824 trag
1629 2771 1714 2810 362
1738 2766 1808 2811 N²

134 2825 299 2883 ἐρρέτω
331 2825 464 2884 φίλος
495 2827 579 2871 σὺν
612 2823 780 2885 ἐχθρῷ.

250 2929 343 2959 11113
374 2914 552 2958 1111111101
582 2914 815 2958 11110103111
845 2931 871 2971 χ
