2010 3146
806 126 857 181 Q.
889 126 1114 172 ENNIvs
1734 124 1803 178 37

139 261 294 305 Vrbiu.
342 260 558 303 orestenn
596 259 655 316 G)
701 273 785 304 uos
825 259 885 304 ab
924 259 1013 304 hoc
1051 259 1243 304 facessit
1281 258 1516 318 (facessite
1556 260 1731 317 Vrbiu.)
1772 278 1807 305 ω

133 318 346 364 Oresten:
377 317 487 362 hinc
517 317 736 362 facessite
765 320 834 364 vel
859 317 1089 364 Orestem:
1120 318 1230 363 hinc
1261 333 1346 363 uos
1368 318 1587 363 facessite
1611 320 1813 367 Vossius:

131 378 677 481 gggsscigginaeudaverim
714 377 830 435 'Ego
870 376 975 422 dico
1014 377 1184 422 uicisse
1221 377 1449 424 Orestem:
1496 379 1580 422 uos
1620 377 1681 422 ab
1719 378 1809 422 hoc

249 526 498 570 Praeterea
542 525 634 568 huc
679 524 923 569 referenda
971 527 1079 569 sunt
1123 524 1213 569 inc.
1253 539 1375 570 nom.
1414 525 1543 585 XIX²
1590 525 1678 570 inc.
1718 525 1795 569 inc

130 584 224 630 fab.
257 585 401 628 LXXI
434 587 482 629 et
510 583 688 629 LXXII.
1807 584 1810 586 ’

678 693 1007 742 HECTORIS
1046 694 1269 742 LVTRA

255 791 562 835 Reddendum
600 803 700 834 esse
731 790 882 834 Ennio
921 790 1045 834 hunc
1083 790 1275 834 titulum
1312 790 1546 847 persuasit
1582 790 1810 848 Bergkius

134 850 190 894 cf.
225 850 381 896 coroll.
414 849 647 906 XXIqu.
959 915 986 963 I

132 1000 248 1055 Nos
288 1000 556 1070 quie'scere
595 1018 821 1069 aequom
860 1000 976 1053 est?
1012 1001 1205 1052 nomus
1243 1000 1400 1052 ambo
1439 999 1706 1053 Vh'xeum.
1816 975 1901 1014 137

250 1100 500 1146 Diomedes
531 1117 574 1158 p.
602 1105 687 1144 382
712 1101 762 1145 P.
795 1103 1011 1158 (ueteres)
1047 1102 1266 1145 ‘nomus
1300 1100 1462 1145 dicunt
1491 1116 1574 1158 pro
1608 1115 1662 1146 eo
1687 1048 1900 1157 quod138

138 1163 210 1206 est
238 1160 469 1217 nouimus,
500 1160 571 1205 ita
601 1162 656 1204 ut
684 1160 862 1204 Ennius
893 1160 943 1204 in
972 1160 1194 1204 Lustris
1220 1161 1304 1206 ...'

252 1250 489 1307 quiescere
512 1264 674 1295 souare
697 1262 914 1305 queseere
932 1250 1146 1306 probavit
1169 1249 1484 1294 Fleckeiseuus
1506 1264 1615 1294 auu.
1634 1251 1812 1306 philon.

138 1314 250 1354 1870
270 1326 317 1368 p.
346 1314 415 1364 77,
446 1311 565 1354 idem
590 1310 821 1354 senarium
845 1310 1083 1354 dimensus.
1136 1309 1392 1354 Titulorum
1413 1310 1618 1366 exempla
1640 1310 1815 1367 collegit

136 1370 239 1414 Bue
286 1370 461 1414 auuall.
503 1369 682 1425 philoll.
725 1370 838 1412 1858
880 1382 927 1425 p.
961 1372 1038 1424 69,
1085 1368 1252 1412 anthol.
1300 1368 1405 1412 Lat.
1452 1382 1564 1424 spec.
1595 1368 1632 1411 I
1656 1383 1704 1425 p.
1736 1373 1813 1413 19:

135 1430 276 1474 multo
318 1430 458 1485 plwra
502 1427 856 1473 Schuchardtius
900 1428 953 1471 de
996 1428 1236 1472 vocalismo
1266 1428 1330 1470 II
1353 1431 1439 1470 448
1456 1441 1517 1484 sq.
1553 1431 1638 1470 514
1653 1441 1716 1484 sq.

137 1501 338 1543 aequum
385 1490 573 1543 (equum
612 1486 818 1542 Monac.)
862 1487 996 1544 vulyo
1095 1486 1420 1544 Interroyaudi
1464 1487 1644 1544 siyuum
1681 1487 1816 1544 vulqo

137 1547 256 1591 deest
352 1545 571 1590 Vlixeum
601 1547 654 1589 iu
683 1546 930 1602 septenarii
958 1546 1168 1590 clausula
1190 1545 1294 1590 Bue
1323 1558 1435 1590 mus,
1461 1545 1605 1590 Rheu.
1634 1549 1704 1601 15,
1727 1549 1814 1588 439

136 1605 312 1649 ulixem
342 1623 376 1649 ω

950 1684 1002 1731 11

136 1769 341 1822 Hector
378 1769 436 1821 ui
474 1787 681 1821 summa
719 1769 950 1821 armatos
989 1767 1166 1821 educit
1203 1768 1367 1839 foras,

143 1856 449 1927 Castrssque
489 1860 660 1910 castra
698 1856 916 1909 Troiani
954 1857 1150 1909 inferre
1190 1858 1463 1926 occupant.
1819 1868 1907 1932 14q

256 1958 374 2002 Non.
402 1962 511 2015 355,
537 1962 591 2002 15
619 1958 922 2015 ‘occupare
954 1959 1026 2002 est
1047 1957 1232 2015 proprie
1254 1958 1528 2015 praeuenire
1553 1995 1561 2003 .
1583 1995 1591 2003 .
1613 1995 1621 2004 .
1646 1958 1815 2002 Accius

138 2017 373 2073 Eurysace
399 2053 407 2061 .
429 2053 436 2060 .
458 2053 466 2060 .
488 2052 498 2062 .
522 2017 858 2061 facere-ultro
889 2016 940 2060 in
962 2024 1149 2074 regem?
1179 2017 1306 2062 idem
1329 2017 1473 2062 Tereo
1492 2054 1501 2063 .
1522 2054 1531 2063 .
1551 2054 1560 2063 .
1578 2017 1817 2074 Turpilius

141 2076 414 2121 ...Ennius
445 2075 748 2120 Haectoris
779 2075 969 2120 listris
995 2111 1005 2120 .
1026 2113 1034 2120 .
1054 2077 1083 2121 .’

261 2170 283 2207 1
317 2163 492 2207 Hector
530 2163 579 2207 ui
611 2164 845 2209 Meo-cerus
884 2164 1083 2208 Hectore
1115 2166 1160 2208 B
1200 2165 1404 2210 Haector
1435 2164 1479 2208 ei
1509 2182 1545 2221 φ
1635 2163 1818 2207 inducit

139 2223 186 2266 B
275 2222 401 2266 foras
433 2223 607 2268 Jumius
641 2222 691 2266 in
721 2223 847 2266 foras
879 2240 914 2267 ω
1028 2229 1053 2267 2
1086 2223 1278 2268 Troiani
1307 2224 1476 2268 inferre
1508 2224 1666 2269 Hauet
1697 2225 1819 2279 (aute

139 2283 258 2326 humo
288 2281 492 2326 Troiana
522 2281 552 2326 i.
585 2283 704 2338 Bue)
734 2281 858 2326 ultro
889 2281 984 2326 iam
1013 2283 1132 2327 ferre
1165 2284 1276 2340 (fere
1312 2284 1394 2340 W)
1426 2300 1461 2327 ω
1492 2282 1615 2326 ultro
1646 2281 1816 2326 inferre

140 2341 374 2385 Mercerus
397 2340 604 2385 conferre
627 2340 751 2384 ultro
775 2339 871 2384 iam
886 2342 1110 2400 Berykius
1125 2343 1349 2399 (conferre
1366 2343 1551 2387 Vossius
1566 2343 1815 2399 praeierat)

142 2399 359 2444 adultera
390 2399 561 2443 inferre
593 2401 699 2444 olim
729 2402 901 2445 couieci
990 2403 1220 2458 occupant
1250 2402 1407 2447 Hauet
1438 2402 1637 2458 occupat
1667 2418 1701 2445 ω

941 2511 1018 2558 IH

757 2594 813 2646 at
852 2611 949 2665 ego
959 2637 973 2663 ,
1012 2595 1348 2664 omnipotens
1386 2592 1718 2663 (Iuppiter),

140 2679 214 2732 Te
254 2682 504 2751 exposco,
541 2685 603 2734 ut
640 2681 743 2735 hoc
782 2682 1065 2736 consilium
1103 2682 1327 2735 Achiuis
1364 2682 1530 2734 auxili
1767 2691 1774 2695 '
1810 2689 1821 2698 “

137 2766 290 2821 Fuat.

257 2869 376 2914 Non.
411 2875 511 2926 111,
538 2875 592 2914 15
628 2870 824 2925 ‘fuam‚
859 2870 947 2914 sim
978 2871 1055 2916 uel
1087 2872 1196 2916 fiam
1223 2871 1491 2917 ...Ennius
1515 2868 1818 2914 Haectoris

141 2926 311 2983 lytris
338 2929 425 2973 ...'
461 2929 666 2986 (listris
697 2930 862 2987 H2W).
