2010 3146
810 77 863 131 Q.
895 77 1120 123 ENNIVS
1381 88 1383 91 '
1737 78 1808 132 19

133 214 341 269 cuperet,
381 210 632 255 Dolabella
662 224 756 255 non
785 213 970 277 posset,
1004 210 1085 255 sed
1115 210 1195 254 uix
1226 210 1276 278 in
1308 210 1480 268 oppido
1513 211 1807 278 consisteret:

133 270 220 315 ita’
264 284 301 337 e.
335 285 378 326 q.
413 285 445 314 s.
511 269 667 337 schol..
711 269 909 315 Gronov.
957 285 1007 313 m
1052 269 1082 314 1.
1129 269 1158 314 1.
1211 271 1318 314 ‘ita
1351 271 1579 337 ‘magni'
1624 285 1661 315 e.
1694 286 1736 327 q.
1771 286 1806 316 S.

130 329 700 433 {Effigirffirhemistichio
731 343 842 373 usus
875 331 947 373 est
978 342 1034 373 ex
1065 342 1121 372 ea
1150 329 1415 387 tragoedia,
1449 343 1569 385 quae
1599 330 1806 375 Achilles

921 439 1020 486 VH

1039 527 1301 561 summam
1340 512 1399 562 tii
1438 510 1540 563 tibi
1810 525 1865 564 10

128 597 234 650 Pr6
260 598 401 650 mala
424 598 538 650 uita
560 598 758 650 famam
782 597 1021 667 extolleS‚
1043 598 1141 666 pr6
1166 597 1307 650 bona
1329 601 1538 667 partam
1554 599 1804 670 gl6riam:

129 686 270 739 Male
307 687 549 740 uolentes
586 686 783 764 famam
822 686 1037 756 tollunt,
1074 686 1209 739 bene
1246 686 1487 741 uolentes
1525 688 1767 758 gloriam.

245 779 449 824 Isidorus
489 779 715 825 different.
761 783 846 823 218
897 778 1043 823 ‘inter
1087 778 1263 823 famam
1302 782 1349 824 et
1386 780 1605 837 gloriam:
1652 781 1804 838 gloria

129 839 301 896 quippe
331 840 561 884 uirtutum
591 841 676 895 est,
707 838 835 883 fama
866 851 976 883 uero
1008 837 1263 884 uitiorum.⁷

247 926 270 964 1
288 935 349 978 sq.
385 922 433 964 et
461 934 545 977 pro
576 920 702 965 bona
731 921 948 977 paratam
978 921 1186 965 Isidorus

244 1001 313 1044 Ex
343 1001 533 1046 incertis
564 1001 738 1045 fabulis
770 1002 861 1045 huc
888 1000 1048 1045 referri
1070 1003 1268 1058 possunt
1290 1001 1342 1046 fr.
1369 1001 1556 1059 1-V11;
1590 1002 1671 1046 sed
1694 1002 1802 1046 vide

126 1060 339 1105 Hectoris
369 1061 526 1105 Lutra.

579 1156 906 1205 AOfflLLES
945 1155 1350 1205 ARISTAROHI

124 1322 390 1394 Exslirge,
428 1340 640 1392 praeco:
679 1322 763 1374 fac
801 1246 1000 1391 populo
1042 1322 1378 1374 audientiam.

802 1410 833 1443 >le
1089 1409 1120 1443 ³1:

945 1447 976 1480 se

126 1497 394 1569 Sileteque
434 1503 487 1552 et
525 1501 695 1552 tacete
734 1502 893 1568 atque
933 1499 1170 1551 animum
1209 1498 1496 1551 adu6rtite:

122 1586 324 1640 Audire
362 1587 513 1640 iubet
548 1606 647 1639 uos
685 1587 977 1656 imperator
1054 1614 1056 1617 ·
1802 1601 1856 1640 15

240 1680 435 1725 Plautus
474 1679 669 1724 Poenuli
706 1680 821 1736 prol.
858 1684 880 1723 1
929 1678 1178 1723 ‘Achillem
1213 1678 1474 1723 Aristarchi
1519 1680 1635 1724 mihi
1676 1694 1798 1725 com-

122 1740 322 1783 mentari
352 1740 504 1784 lubet:
549 1739 663 1782 Inde
693 1738 809 1782 mihi
838 1738 1119 1795 principium
1150 1738 1334 1795 capiam
1366 1752 1421 1782 ex
1453 1752 1508 1783 ea
1538 1739 1795 1797 tragoedia.

122 1798 356 1855 Sileteque
382 1832 510 1844 .....
538 1798 791 1855 imperator
819 1797 1039 1842 histricus
1065 1832 1192 1843 .....
1216 1797 1441 1854 Exsurge’
1477 1812 1514 1844 e.
1547 1813 1590 1854 q.
1624 1814 1658 1844 s,

929 1909 979 1955 H

122 2021 316 2031 ......
349 1977 559 2047 prolato
599 1995 716 2030 aere
755 1977 929 2030 astitit

236 2072 401 2115 Festus
432 2087 476 2128 p.
502 2076 586 2115 242
612 2071 672 2115 M.
710 2070 960 2127 ‘prolato
993 2084 1120 2115 aere
1152 2069 1350 2115 astitit
1380 2069 1557 2114 Ennius
1581 2069 1795 2114 Achillae

120 2130 186 2174 in’
224 2130 298 2188 (in
321 2130 549 2174 Achille
575 2129 798 2186 Scaliger)
826 2129 1103 2173 ‘Aristarchi
1135 2144 1240 2173 cum
1271 2129 1353 2187 ait,
1387 2128 1621 2187 significat
1644 2128 1794 2186 clipeo

120 2192 229 2234 ante
269 2203 316 2234 se
353 2189 603 2247 protento.’
667 2188 840 2232 Paulus
878 2204 922 2245 p.
956 2193 1041 2233 243
1085 2188 1340 2246 ‘prolato
1382 2201 1509 2232 aere
1550 2188 1674 2245 apud
1703 2188 1795 2232 En-

118 2248 248 2292 nium
280 2249 514 2306 significat
546 2250 676 2293 scuto
709 2250 817 2291 ante
851 2261 898 2291 se
929 2249 1179 2304 protento.’
1742 2280 1746 2284 ·

875 2365 1042 2413 AIAX

945 2454 971 2501 I

121 2530 223 2594 Qui
260 2550 373 2584 rem
413 2550 534 2584 cum
570 2531 794 2584 Achiuis
832 2532 1111 2601 gesserunt
1148 2530 1367 2583 statim.

234 2625 353 2670 Non
387 2629 576 2682 393,14
617 2623 840 2668 ‘statim
877 2623 1105 2679 producta
1141 2622 1292 2680 prima
1332 2622 1516 2680 syllaba
1555 2637 1583 2667 a
1622 2623 1790 2667 stando

116 2685 468 2742 perseueranter
499 2686 546 2728 et
577 2683 835 2739 aequaliter
867 2682 1164 2739 significat..

235 2763 381 2807 acibis
413 2765 458 2808 L
529 2765 663 2810 Posse
692 2766 809 2809 hanc
839 2778 1008 2821 quoque
1038 2777 1190 2809 versus
1218 2764 1412 2819 formam
1441 2764 1603 2819 fuisse:
1636 2799 1646 2809 .
1674 2762 1791 2818 .qui

117 2835 214 2866 rem
256 2836 361 2866 cum
399 2824 452 2867 A.
494 2839 537 2881 g.
580 2823 740 2868 statim
779 2824 974 2868 iambica
1010 2824 1196 2868 ultimae
1233 2824 1353 2868 vocis
1390 2837 1600 2867 mensura
1638 2822 1792 2867 docwit

117 2881 390 2927 Bitscheliws
420 2896 567 2939 opusc.
596 2883 660 2927 IV
683 2887 790 2938 2763
824 2888 931 2939 sept.
964 2883 1099 2928 troch.
1127 2883 1329 2939 praefert
1359 2882 1462 2926 Rue

1468 2955 1526 2998 2*
