2010 3146
799 95 889 140 CN.
922 94 1188 140 NAEVIVS
1791 93 1824 146 9

950 235 1022 283 IX

152 364 312 376 .....
339 339 473 391 quae
514 321 781 390 quondam
819 320 1044 373 fulmine
1082 319 1178 372 icit
1214 317 1458 388 Iuppiter
1862 330 1918 369 10

267 415 387 459 Non.
417 419 516 470 124,
542 419 598 458 14
631 414 765 458 ‘icit
797 413 1030 471 significat
1058 413 1282 471 pereutit,
1324 413 1382 458 ab
1413 413 1618 458 ietn...'
1669 412 1730 470 (N
1739 425 1829 456 ae-

150 474 296 533 uius]
327 474 386 517 in
417 473 618 530 equius
648 472 809 530 Leid.).

239 569 410 656 flquam
439 555 602 659 1135er
644 568 846 611 quamne
876 556 1047 599 conieci
1137 554 1373 610 quondam
1403 554 1458 598 H
1470 554 1483 579 ¹
1525 553 1762 609 quandam
1794 570 1829 610 φ

272 627 427 658 umine

968 679 1013 726 X

152 808 162 817 .
190 808 198 817 .
224 764 504 817 manubias
543 766 792 833 suppetat
828 782 927 832 pro
967 765 1053 815 me
1087 806 1097 815 .
1123 806 1133 815 .

269 857 387 903 Non.
415 862 512 914 138,
541 861 595 900 17
631 856 976 913 ‘manubias,
1007 871 1173 901 manus
1206 856 1432 901 exubias.’

272 938 509 996 suppetias
541 953 574 983 x
662 952 806 995 prone
838 940 1111 984 coniecerant

953 1049 1024 1096 XI

157 1132 265 1186 Suo
306 1134 486 1186 sonitu
525 1133 668 1186 claro
707 1133 991 1204 fiilgoriuit
1028 1132 1283 1202 Iuppiter.

267 1226 386 1270 Non.
423 1231 528 1282 110,
562 1231 617 1270 17
668 1226 1026 1284 ‘fulgoriuit,
1073 1226 1305 1284 fulgorem
1350 1226 1465 1271 fecit
1509 1226 1586 1270 uel
1634 1224 1830 1269 fulmine

153 1285 347 1330 afflauit.
408 1285 465 1330 N.
501 1286 789 1331 Sanea...’
826 1286 1034 1343 (Danae
1065 1285 1260 1343 Junius).

268 1365 527 1423 fulgorauit
558 1368 611 1411 H
624 1367 650 1412 ¹.

691 1476 907 1534 EQVOS
948 1477 1282 1525 TROIANVS

153 1567 463 1637 Numquam
501 1567 660 1621 hodie
701 1568 921 1639 effugies
961 1568 1092 1637 qui‘n
1129 1586 1247 1620 mea
1284 1567 1532 1621 moriaris
1569 1586 1744 1620 manu.

271 1660 536 1705 Macrobius
585 1661 680 1706 Sat.
720 1661 784 1705 VI
817 1666 864 1717 1,
898 1666 953 1705 38
1011 1661 1272 1718 ‘Vergilius
1322 1661 1432 1719 (Ecl.
1474 1666 1522 1718 3,
1557 1663 1652 1717 49):
1698 1675 1831 1704 num-

155 1719 714 1834 ἓὲζῗῇἒῗέἰοθῦυξὶθε,
747 1720 935 1764 ueniam
965 1734 1256 1776 quocumque
1286 1720 1483 1765 uocaris.
1541 1719 1750 1764 Naeuius
1781 1719 1832 1763 in

271 1859 484 1904 moriaris
522 1874 663 1904 manu
701 1862 865 1917 scripsi
901 1875 1043 1905 manu
1081 1860 1280 1905 moriare
1312 1879 1367 1918 ω,
1412 1861 1532 1918 quod
1569 1862 1649 1918 qui
1685 1865 1831 1905 tenere

154 1920 268 1964 volet
317 1926 400 1964 aut
445 1921 726 1964 octonarium
772 1922 824 1964 in
868 1921 956 1976 fine
1002 1921 1212 1965 mutilum
1256 1926 1339 1965 aut
1384 1922 1578 1965 duorum
1622 1934 1832 1965 ver-summ

153 1979 306 2033 frusta
335 1993 379 2022 n.
412 1978 455 2022 h.
491 1992 527 2023 e.
562 1993 603 2034 q.
637 1992 742 2022 mea
771 1993 914 2023 manu
942 1979 948 2037 Ι
974 1978 1172 2023 moriare
1204 1980 1478 2024 dimetiatur.

604 2133 696 2180 HE
703 2132 872 2181 OTOR
909 2132 1380 2181 PROFIOISGENS

982 2229 1007 2276 I

159 2311 307 2364 Tune
323 2312 468 2381 ipsos
485 2311 743 2382 adoriant,
758 2330 825 2364 ne
844 2313 936 2381 qui
951 2311 1077 2364 hino
1095 2311 1342 2382 Spartam
1358 2312 1554 2365 referat
1568 2313 1831 2365 mintium.

273 2404 538 2449 Priscianus
570 2421 613 2462 p.
641 2410 723 2448 801
750 2406 799 2449 P.
867 2404 1073 2449 ‘adorior
1109 2407 1156 2449 efi
1187 2405 1385 2450 adorio
1543 2405 1751 2450 Naeuius
1782 2406 1832 2450 in

157 2463 355 2507 Hectore
386 2463 708 2520 proficiscente
728 2501 735 2508 .
757 2501 764 2508 .
786 2466 815 2509 .'

277 2545 487 2588 adoriam
517 2560 550 2590 x
610 2544 691 2600 qui
726 2545 779 2589 G.
810 2545 1106 2590 Hermannus
1136 2546 1280 2591 Elem.
1313 2547 1355 2592 d.
1388 2561 1444 2591 m.
1473 2561 1522 2603 p.
1553 2551 1637 2591 633
1669 2545 1773 2602 quis
1798 2564 1832 2590 ω

216 2603 421 2647 referant
451 2622 478 2662 χ

967 2670 1019 2717 Π

160 2751 357 2804 Laetus
397 2771 516 2806 sum
553 2754 758 2806 laudari
797 2772 882 2806 me
922 2754 1015 2806 abs
1054 2757 1129 2824 ke,
1166 2755 1339 2825 pater,
1379 2773 1410 2807 a
1446 2754 1661 2807 laudat6
1698 2754 1832 2807 uiro.
1867 2768 1920 2807 15

280 2844 437 2889 Cicero
478 2846 610 2891 Tuse.
645 2847 762 2904 disp.
795 2848 859 2891 IV
884 2851 961 2903 31,
987 2852 1042 2891 67
1085 2847 1244 2891 ‘aliter
1282 2848 1406 2891 enim
1442 2847 1713 2891 Naeuianus
1752 2846 1834 2890 ille

165 2904 342 2959 gaudet
371 2904 598 2951 Hector:
632 2906 820 2950 laetus
950 2905 1087 2950 aliter
1116 2906 1198 2950 ille
1230 2907 1355 2963 apud
1387 2906 1649 2951 Trabeam.’
1706 2905 1835 2950 Idem
