2020 3140
863 73 912 118 L.
945 73 1155 124 ACCIVS
1738 74 1845 127 329

130 231 151 263 5
173 209 324 262 Duos
364 210 784 281 consanguineos
822 210 1012 263 arietes
1049 209 1172 262 inde
1195 209 1339 280 *eligi

173 297 692 368 Praeclarioremque
730 298 956 366 alterum
994 298 1272 351 immolare
1309 316 1408 351 me.

174 385 378 439 Deinde
418 387 531 439 esus
569 405 882 458 germanum
921 387 1174 439 cornibus
1214 386 1460 456 eonstier,

172 472 236 526 In
274 493 359 527 me
398 475 645 545 arietare‚
684 493 851 544 eoque
888 475 1001 528 fotu
1038 493 1123 528 me
1162 476 1229 528 ad
1266 479 1445 527 casum
1485 475 1619 527 dari:

173 562 319 615 Exin
355 566 683 633 prostratum
721 565 885 633 terra,
923 564 1162 634 grauiter
1199 564 1459 634 saucium,
1880 575 1936 615 25

107 675 150 706 10
173 650 506 721 Resupinum
544 652 603 704 in
641 652 784 704 eaelo
825 652 1066 704 contueri
1104 652 1398 704 maximum

171 739 461 793 Mirffioum
499 741 728 794 facinus:
767 741 1103 793 dextrorsum
1143 741 1326 794 orbem
1364 741 1669 793 flammeum

171 828 460 882 Radiatum
499 830 628 882 solis
664 829 899 899 linquier
937 833 1095 882 cursu
1123 821 1289 882 nouo,

288 945 322 989 I.
355 945 398 988 H
436 944 595 989 Cicero
634 946 692 989 de
724 945 815 989 div.
847 946 869 989 I
892 950 970 1001 22,
994 951 1052 989 44
1094 945 1362 989 ‘cuiusnam
1391 943 1520 988 modi
1551 946 1623 988 est
1653 943 1850 1001 Superbi

172 1003 397 1059 Tarquini
427 1004 670 1061 somnium,
703 1005 762 1048 de
792 1018 884 1060 quo
915 1003 962 1047 in
995 1005 1140 1048 Bruto
1171 1004 1302 1048 Acoi’
1338 1003 1545 1061 (accius
1575 1002 1736 1047 Leidd.
1761 1003 1849 1046 AB

171 1062 373 1107 Vindob.
414 1063 600 1107 actius
631 1063 789 1108 Heins.
821 1063 974 1107 Attii
1005 1063 1312 1118 Camerarius)
1358 1061 1591 1118 ‘loquitur
1628 1061 1759 1119 ipse?
1790 1062 1849 1120 [I]

172 1121 272 1166 eius
302 1122 450 1179 igitur
479 1122 649 1166 somnii
680 1137 709 1166 a
740 1121 1080 1166 coniectoribus
1112 1136 1232 1178 quae
1265 1122 1328 1166 sit
1357 1120 1683 1178 interpretatio
1723 1121 1851 1165 facta

171 1180 435 1226 uideamus:
469 1182 575 1240 [ΠΥ

289 1289 316 1328 3
346 1284 474 1328 uisus
508 1287 580 1329 est
609 1285 897 1330 Heinsianus
925 1284 1078 1328 uisust
1107 1285 1364 1329 Lambinus
1454 1285 1693 1341 pastorem
1727 1283 1851 1329 Orel-

171 1345 303 1388 lia‘na
331 1346 494 1400 pastor
523 1362 559 1388 ω
678 1350 707 1388 4
723 1359 785 1402 sq.
817 1346 1055 1390 Inversum
1084 1346 1137 1389 in
1167 1345 1297 1389 libris
1326 1345 1530 1388 ordinem
1560 1348 1851 1388 correoeerunt

172 1403 417 1448 Fraterius
446 1409 488 1448 et
519 1404 733 1449 eretus
837 1409 863 1448 6
894 1417 968 1447 me
999 1405 1052 1448 in
1081 1418 1171 1449 ras.
1205 1404 1334 1448 Leid.
1367 1403 1413 1446 A
1512 1407 1535 1446 7
1570 1401 1779 1457 conitier‚
1810 1401 1850 1444 it

170 1468 213 1507 et
243 1476 291 1506 er
321 1477 377 1507 ex
405 1477 535 1519 corr„
567 1463 696 1508 Leid.
721 1464 767 1507 B
799 1462 1024 1507 comicier
1046 1463 1206 1507 Heius.
1299 1466 1325 1505 9
1356 1464 1491 1518 terga
1514 1462 1616 1506 Erl.
1647 1460 1698 1504 in
1724 1463 1849 1504 terra
1927 1478 1930 1483 ·

171 1522 408 1580 Kayserus
513 1527 568 1566 10
598 1521 799 1566 maxime
830 1522 962 1566 Leid.
994 1523 1041 1565 B
1070 1537 1126 1566 m.
1153 1537 1244 1579 pr„
1274 1522 1466 1576 fortasse
1495 1526 1608 1565 ‘reete
1712 1534 1768 1563 ao
1797 1521 1850 1564 in

169 1583 258 1636 ἥψω
289 1596 440 1626 versus
469 1583 650 1627 addwnt
680 1583 787 1627 libri
810 1587 994 1638 praeter
1017 1581 1148 1626 Laid.
1172 1581 1232 1637 A,
1264 1582 1344 1638 qui
1372 1581 1424 1624 «ἕνη
1452 1580 1675 1636 sequentis
1697 1593 1850 1624 versus

169 1641 305 1685 initio
334 1642 476 1685 habet.
599 1645 653 1684 12
685 1640 855 1696 liquier
884 1642 979 1685 cod.
1012 1641 1309 1685 Balliolensis
1338 1645 1445 1685 teste
1475 1639 1684 1683 Davisio.

984 1809 1037 1857 H

170 1891 308 1961 Rex,
356 1910 490 1960 quae
528 1892 585 1944 in
623 1892 738 1944 uita
776 1896 1035 1962 usurpant
1072 1893 1315 1946 homines
1324 1935 1338 1961 ‚
1383 1892 1623 1963 cogitant
1662 1891 1848 1943 curant

731 1966 733 1968 ¹
1228 1981 1435 2050 uident,

172 2067 421 2136 Quaeque
453 2071 620 2138 agunt
650 2068 936 2138 uigilantes
960 2069 1287 2139 agitantque,
1318 2070 1379 2120 ea
1403 2069 1448 2120 si
1473 2068 1558 2120 oui
1581 2068 1638 2119 in
1661 2086 1845 2120 somno
1877 2079 1934 2118 30

1228 2157 1475 2209 accidunt
1483 2147 1507 2226 ‚'

170 2243 350 2296 Minus
388 2244 584 2296 mirum
623 2247 724 2313 est,
763 2244 855 2296 sed
893 2244 950 2297 di
985 2263 1097 2296 rem
1136 2247 1341 2296 tantam
1378 2244 1511 2296 haut
1541 2245 1738 2296 temere
1769 2244 1845 2295 in—

1227 2333 1443 2400 prouiso
1483 2333 1728 2384 offerunt.

169 2417 334 2471 Proin
379 2419 524 2487 uide,
569 2437 635 2471 ne
684 2421 841 2488 quem
888 2423 948 2472 tu
987 2438 1098 2472 esse
1136 2420 1382 2472 hebetem
1422 2421 1641 2489 deputes
1680 2438 1844 2489 aeque

1226 2509 1287 2560 ao
1323 2526 1505 2578 peeUS,

125 2620 146 2651 5
169 2595 239 2648 'Is
277 2595 537 2665 sapientia
574 2596 841 2648 munitum
878 2597 1063 2664 peetus
1103 2597 1314 2667 egregie
1351 2600 1503 2668 gerat

171 2684 349 2753 Teque
388 2702 553 2754 regno
594 2684 845 2752 expellat:
887 2702 1012 2736 nam
1050 2684 1104 2735 id
1143 2685 1286 2753 quod
1324 2685 1386 2737 de
1425 2686 1535 2738 sole
1575 2688 1842 2738 ostentum

1227 2773 1306 2825 est
1343 2773 1468 2842 tibi,

168 2859 377 2930 Populo
418 2860 888 2914 commutationem
927 2861 1104 2912 rerum
1142 2860 1416 2929 portendit
1454 2862 1567 2914 fore
1873 2873 1928 2911 35
