1980 3146
770 101 832 144 M.
865 98 1160 144 PACVVIVS
1694 98 1796 151 101

936 240 1007 288 XI

1001 323 1316 376 adiutamjni
1355 326 1408 376 et
1447 321 1730 376 defendite!

250 426 369 470 Non.
412 430 487 483 74,
523 431 546 469 1
605 424 976 469 ‘adiutamini
1027 438 1111 481 pro
1168 423 1411 468 adiutate.’
1490 423 1700 468 Donatus
1755 423 1806 473 in

134 484 236 528 Ter.
282 484 478 541 Adelph.
526 485 640 542 prol.
685 490 739 528 16
789 483 985 541 ‘legitur
1030 485 1078 527 et
1126 482 1401 527 adiutare.
1479 482 1710 527 Pacuuius
1755 482 1806 526 in

136 543 360 589 Chrese:
395 544 595 588 adiuta
625 543 795 587 mihi.’

164 632 171 636 ·
256 615 534 676 adiutamini
565 633 748 678 Nonius
780 631 943 675 adiuta
972 630 1087 674 mihi
1118 631 1335 675 Donatus

925 756 1022 803 XII

136 841 254 894 'Est
284 842 360 894 ibi
392 842 491 894 sub
516 860 576 894 eo
602 842 729 894 saxo
753 841 966 909 penitus
990 841 1158 892 strata
1179 839 1378 892 harena
1399 840 1588 910 ingens
1613 857 1812 909 specus,

255 942 419 986 Festus
449 958 492 999 p.
520 947 604 986 343
628 942 690 986 M.
741 942 965 998 ‘specus
997 940 1219 984 feminino
1251 953 1419 997 genere
1445 940 1815 997 pronuntiabant

140 1001 323 1057 antiqui
354 1028 410 1034 —
442 1029 498 1034 —
531 1004 579 1045 et
609 1000 840 1044 Pacuuius
872 1000 922 1043 in
954 1000 1180 1057 Chryse:
1214 1001 1309 1044 est'
1345 1013 1381 1043 0.
1416 1014 1457 1055 q.
1496 1014 1528 1045 s,

919 1126 1041 1173 XIII

141 1209 199 1263 Si
239 1212 343 1280 qua
379 1215 623 1280 potestur
661 1209 980 1282 inuestigari
1015 1211 1105 1262 uia
1820 1221 1904 1260 100

257 1312 375 1356 Non.
410 1318 510 1368 508,
536 1317 591 1356 28
627 1314 915 1369 ‘potestur
943 1325 1027 1368 pro
1058 1311 1258 1370 potest’g

919 1436 1037 1483 XIV

141 1520 354 1593 Inueni,
393 1522 576 1591 opino,
616 1519 827 1573 Orestes
865 1523 986 1572 uter
1024 1523 1160 1572 esset
1199 1523 1390 1572 tamen.

223 1678 225 1680 Ι
259 1623 378 1668 Non.
410 1628 518 1679 475,
547 1627 568 1665 1
621 1621 815 1678 ‘opino
861 1634 944 1677 pro
993 1620 1156 1678 opinor
1182 1657 1218 1665 ..
1240 1656 1248 1664 .
1274 1619 1505 1664 Pacuuius
1550 1619 1720 1676 Chryse
1747 1656 1783 1664 ..
1805 1655 1813 1664 .

142 1681 320 1725 Ennius
358 1680 715 1725 Eumenidibus:
763 1682 916 1723 tacere
965 1679 1103 1736 opino
1150 1693 1272 1723 esse
1320 1681 1603 1736 optumum
1650 1681 1697 1722 et
1732 1692 1816 1735 pro

143 1740 347 1784 uiribus’
399 1754 436 1785 e.
470 1756 512 1796 q.
549 1755 581 1783 s.
654 1739 899 1796 (Orestes
1051 1741 1335 1795 optumum
1382 1752 1468 1782 om.
1501 1738 1682 1795 Bamb.)
1750 1737 1815 1781 Cf.

143 1799 233 1843 inc.
265 1799 359 1843 fab.
392 1799 544 1843 me.

265 1887 403 1944 opino
458 1901 556 1930 esse
614 1889 854 1943 optumum
900 1886 1084 1930 Orestes
1132 1904 1166 1930 ω
1286 1888 1390 1929 uter
1443 1888 1565 1930 esset
1609 1885 1818 1940 Rothius,

146 1948 384 1992 Duloresti
412 1948 532 1991 hunc
562 1947 828 1991 versiculum
858 1947 1096 1991 ascribens.
1128 1948 1181 1989 ut
1211 1945 1342 1989 heres
1377 1945 1457 1988 sed
1489 1962 1524 1988 ω

939 2071 1030 2117 XV

145 2155 392 2209 'Ossuum
431 2156 768 2207 inhumatum
807 2156 1103 2207 aestuosam
1143 2155 1318 2206 aulam
1822 2127 1906 2167 102

265 2256 529 2300 Priscianus
560 2272 604 2312 p.
632 2260 717 2299 710
741 2256 788 2299 P.
841 2255 1050 2311 ‘quidam
1079 2258 1237 2299 tamen
1267 2258 1477 2298 ueterum
1509 2255 1556 2297 ct
1578 2253 1665 2296 hoc
1690 2200 1906 2296 ossu103

149 2318 197 2359 ct
226 2316 314 2359 hoc
347 2329 531 2359 ossum
560 2314 871 2371 proferebant,
903 2314 1025 2358 unde
1056 2314 1287 2358 Pacuuius
1318 2313 1367 2356 in
1400 2312 1570 2369 Chryse
1595 2349 1604 2358 .
1626 2348 1634 2356 .
1654 2312 1682 2357 .’

268 2418 476 2459 ossuum,
531 2405 649 2460 quod
701 2405 992 2458 conieceram,
1046 2403 1124 2447 Ba
1171 2416 1325 2446 ossum
1370 2419 1405 2458 φ
1556 2403 1820 2444 aestuosam

148 2477 371 2520 suprascr.
412 2463 489 2506 uel
528 2465 767 2506 actuosam
804 2462 943 2506 Be‘r‘n.
1067 2461 1223 2504 aulam
1259 2462 1446 2506 conieci:
1486 2461 1541 2516 cf.
1582 2474 1621 2504 v.
1656 2464 1739 2502 114
1778 2465 1820 2503 et

149 2537 261 2567 mus.
294 2523 436 2567 Rhen.
472 2526 541 2578 33,
567 2526 606 2566 8.
643 2535 802 2564 auram
832 2537 882 2576 φ,
914 2534 1121 2576 vaporem
1151 2522 1471 2576 interpretatus
1501 2525 1564 2564 est
1595 2519 1718 2563 Ellis

926 2629 1043 2677 XVI

1014 2714 1111 2782 pr6
1150 2712 1397 2764 merenda
1434 2712 1607 2783 gratia

153 2803 325 2857 Simul
363 2822 482 2856 cum
520 2804 729 2856 uideam
771 2801 957 2854 Graios
995 2801 1073 2852 nil
1110 2801 1446 2853 mediocriter
1823 2811 1906 2851 105

150 2891 572 2960 Redamptruare
611 2891 904 2959 opibusque
943 2890 1163 2942 summis
1200 2889 1445 2957 persequi
