2020 3140
190 111 297 163 312
476 111 557 154 Ex
587 111 864 156 INOERTIS
896 103 1295 158 INCERTORVM
1324 113 1578 159 FAssvms
1657 99 1659 101 ’

933 252 1133 300 CXXVI

265 378 275 387 .
337 334 647 404 prolubium
687 338 767 387 est
803 338 984 405 petere
1024 337 1316 402 amicitiam
1355 339 1409 390 et
1446 338 1618 391 fidem.

305 435 423 479 Non.
466 439 542 491 64,
584 441 607 479 7
659 435 1009 492 ‘proluuium
1054 438 1164 482 est’
1211 451 1248 482 e.
1282 453 1325 494 q
1360 453 1393 483 s
1460 437 1656 482 ‘Accius
1689 439 1869 483 Andro-

186 494 417 610 ffiffii'u'sn
425 494 438 516 '
502 471 778 552 Exemplum
809 509 925 553 esse,
955 510 1050 540 non
1079 496 1223 541 Nonii
1254 491 1721 554 interpretamentum
1750 498 1867 542 vidit

304 641 573 697 prolubium
600 643 792 700 Lipsius
821 643 1089 700 proluuium
1119 662 1154 689 ω
1245 647 1403 702 petere
1427 646 1619 703 Lipsius
1648 649 1810 703 patere
1834 664 1865 692 ω

920 783 1147 832 CXXVII

187 850 423 904 Aeterna
461 851 662 920 templa
701 852 833 904 caeli

221 987 224 989 μ
305 952 454 996 Varro
486 953 544 996 de
574 951 605 996 l.
638 952 668 996 1.
694 952 758 996 VI
783 958 835 996 11
878 954 1069 997 ‘aeuom
1101 954 1160 997 ab
1194 956 1350 999 aetate
1382 955 1590 999 omnium
1621 969 1865 1000 annorum:
1895 1009 1898 1013 .

186 1011 297 1056 hinc
321 1010 626 1068 aeuiternum,
652 1011 778 1068 quod
801 1012 979 1056 factum
1003 1015 1076 1057 est
1098 1015 1395 1058 aeternum
1421 1051 1429 1059 .
1451 1051 1458 1058 .
1480 1051 1488 1060 .
1515 1014 1576 1058 ab
1601 1028 1655 1059 eo
1675 1014 1868 1058 Plautus

226 1108 235 1116 .
264 1108 271 1115 .
305 1070 415 1114 111110
467 1072 636 1127 poetae
691 1074 926 1115 aeterna
979 1072 1195 1129 templa
1249 1073 1431 1119 caeli.’
1495 1073 1569 1131 (cf.
1617 1074 1731 1119 Enn.
1779 1073 1867 1117 inc.

186 1105 308 1175 nom.
340 1130 507 1187 XXXI)

901 1196 1154 1245 CXXVIII

185 1278 399 1333 'Omnes
422 1280 666 1334 homines
690 1281 757 1333 ad
782 1299 938 1334 suum
956 1285 1236 1351 quaestum
1253 1283 1449 1336 callent
1463 1301 1560 1336 nec
1576 1282 1871 1335 fastidiunt.

303 1373 500 1425 Plautus
531 1381 715 1426 Trucul.
741 1386 826 1425 932
870 1382 1086 1426 ‘uenitne
1127 1382 1177 1426 in
1211 1385 1417 1427 mentem
1446 1383 1537 1427 tibi
1568 1383 1724 1450 quod·
1747 1397 1872 1427 uer-

185 1440 313 1493 bum
365 1440 423 1484 in
477 1442 652 1484 cauea
699 1440 850 1485 dixit
895 1441 1127 1487 histrio:
1176 1443 1360 1486 omnes’
1410 1457 1448 1488 e.
1481 1458 1525 1499 q.
1559 1458 1593 1488 s.
1667 1441 1777 1485 Dixi
1822 1441 1873 1485 in

186 1491 366 1556 quaest.
420 1513 541 1545 scen.
584 1504 669 1543 352
723 1500 1025 1545 Telamonem
1070 1501 1211 1544 Ennii
1264 1502 1499 1559 aruspices
1551 1501 1873 1546 fastidientem

185 1559 302 1603 haec
341 1558 494 1603 dicere
532 1558 762 1616 potuisse,
805 1560 888 1603 sed
916 1573 976 1604 ne
1008 1574 1037 1604 a
1068 1560 1311 1605 comoedia
1342 1560 1533 1617 quidem
1565 1560 1721 1605 aliena
1751 1574 1871 1616 esse,

184 1632 336 1674 neque
376 1620 564 1662 constat
602 1633 744 1674 quam
784 1621 1000 1663 accurate
1031 1619 1136 1676 ipsa
1166 1622 1337 1677 poetae
1368 1621 1513 1664 verba
1542 1620 1738 1664 Plautus
1769 1619 1871 1663 red-

187 1676 373 1722 diderit.
438 1677 504 1722 Cf.
538 1677 668 1722 Asin.
696 1682 793 1722 186.

303 1737 433 1780 Idem
477 1736 527 1780 in
569 1739 748 1792 quaest.
790 1751 909 1782 scen.
949 1752 994 1793 p.
1028 1742 1113 1781 356
1152 1737 1313 1781 monui
1350 1738 1585 1795 tragicum
1624 1737 1784 1781 stilum
1822 1736 1872 1780 in

186 1795 429 1840 comoedia
459 1795 638 1840 imitari
667 1795 888 1840 Plautum
920 1799 968 1840 et
998 1796 1268 1841 Terentium
1298 1796 1448 1840 videri
1480 1811 1518 1841 e.
1553 1811 1589 1840 0.
1623 1796 1696 1840 his
1729 1795 1869 1841 locis:

244 1854 412 1898 Bacch.
440 1859 575 1900 1053:
607 1854 683 1898 fit
711 1857 880 1899 uasta
910 1855 1101 1913 Troia,
1143 1855 1414 1900 scindunt
1443 1869 1708 1913 proceres
1740 1856 1871 1899 Per-

246 1972 426 2016 Curcul.
454 1977 531 2018 86:
565 1928 995 2028 quigszffdinistic
1026 1973 1279 2017 fluuiust
1302 1975 1464 2029 quem
1486 1988 1596 2018 non
1619 1973 1872 2030 recipiat

246 2090 389 2135 Stich.
416 2094 524 2135 365:
559 2039 910 2135 ...rIggiggus
943 2105 1066 2135 sese
1098 2092 1183 2135 sol
1215 2091 1532 2148 superabat
1561 2093 1625 2135 ex
1656 2090 1811 2135 mari.

244 2150 531 2194 Menaechm.
560 2155 666 2196 101:
698 2153 894 2195 tantas
927 2150 1171 2195 struices
1205 2150 1514 2194 concinnat
1539 2149 1869 2207 (‘patinarias,’

776 2209 918 2254 immo
949 2210 1148 2254 fortasse
1179 2209 1530 2266 mortalium)

560 2272 747 2324 402sq.:
1133 2269 1386 2325 ligneam
1416 2271 1496 2327 (sc.
1528 2270 1715 2324 nauem)

777 2329 943 2384 saepe
975 2327 1198 2384 tritam,
1241 2330 1410 2384 saepe
1441 2327 1663 2383 fissam,
1706 2328 1872 2383 saepe

1221 2400 1488 2430 excusam
1517 2386 1725 2430 malleo

557 2450 664 2491 330:
730 2480 914 2489 .....
979 2445 1223 2489 Volcani
1255 2446 1323 2489 ad
1354 2444 1697 2489 uiolentiam

375 2540 401 2561 „
557 2509 663 2549 350:
729 2539 1003 2549 .......
1066 2504 1307 2548 nauales
1337 2505 1512 2560 pedes

244 2562 363 2606 Rud.
557 2567 663 2608 942:
728 2599 1002 2608 .......
1067 2566 1367 2619 squamoso
1398 2577 1539 2619 pecu

244 2622 386 2665 Persa
409 2625 495 2664 329
513 2636 633 2677 sqq..

276 2693 418 2736 quae
447 2682 536 2724 res
566 2681 708 2724 bene
739 2683 934 2725 uoitat
963 2680 1029 2724 mi
1060 2683 1108 2724 et
1137 2680 1226 2724 tibi
1259 2683 1307 2724 et
1337 2679 1492 2723 uentri
1522 2692 1645 2734 meo,

274 2738 812 2795 perennitassitque
844 2740 984 2784 adeo
1016 2739 1148 2783 huic
1177 2741 1459 2804 perpetuo
1492 2737 1668 2792 cibum,

275 2799 337 2841 ut
366 2797 484 2840 mihi
515 2798 772 2854 supersit
803 2800 1077 2855 suppetat
1109 2796 1470 2862 superstitet.

279 2869 513 2911 sequere
543 2857 669 2913 hac,
701 2871 822 2901 mea
852 2859 1048 2914 gnata,
1079 2858 1161 2900 me
1193 2871 1313 2900 cum
1344 2854 1431 2897 dis
1461 2852 1821 2899 uolentibus:

277 2914 409 2969 quoi
440 2914 523 2957 rei
556 2917 726 2971 opera
758 2915 924 2959 detur
955 2917 1066 2958 scis
1099 2917 1257 2958 tenes
1288 2911 1606 2968 intellegis
