1980 3146
716 96 778 140 M.
811 95 1109 141 PACVVIVS
1647 96 1754 148 153

89 229 543 273 curuiceruicum
571 230 776 286 pecus?
825 228 1005 286 Tetigit
1033 228 1240 273 Lucilius
1271 244 1313 273 v.
1349 233 1434 272 170
1457 229 1507 274 L.
1562 228 1654 273 Vix
1685 229 1768 272 du-

87 289 218 333 bium
249 288 363 344 quin
395 288 456 332 ad.
487 288 718 332 Teucrum
746 288 1026 346 pertineant.

204 392 255 436 in
286 391 465 436 ceruice
496 391 674 435 ruicum
705 392 928 437 Varronis
960 391 1104 448 Flor„
1136 406 1248 437 corr.
1281 392 1431 436 Aldus

860 546 994 594 XLV

90 691 100 700 .
140 647 470 716 profecti6ne
507 646 635 698 laeti
671 644 901 714 piscium
938 644 1216 698 lasciuiam

87 735 411 804 'Intuentur,
450 736 547 787 1100
586 734 772 787 tuendi
810 734 1028 786 satietas
1067 734 1245 803 capier
1283 738 1474 804 potest.
1770 747 1857 786 410

89 822 318 876 'Interea
354 841 520 893 prope
559 823 667 875 iam
708 822 980 875 6ccidente
1018 823 1128 875 sole
1167 822 1487 875 inhorrescit
1525 842 1692 893 mare,

91 912 360 965 Tenebrae
414 911 885 981 conduplicantur,
944 912 1224 981 noctisque
1278 913 1332 964 et
1382 911 1626 964 nimbum
1680 912 1771 965 ob-

262 988 267 995 ’
1150 1002 1329 1054 caecat
1365 1001 1574 1072 nigror,

89 1089 334 1143 Flamma
386 1091 529 1144 inter
580 1090 751 1143 nubes
803 1093 1071 1160 coruscat,
1131 1090 1336 1143 caelum
1389 1090 1595 1142 tonitru
1649 1090 1771 1142 0611-

1151 1179 1357 1248 tremit,
1749 1193 1771 1226 5

95 1265 308 1320 Grando
348 1268 518 1320 mixta
555 1267 722 1321 imbri
749 1268 989 1339 largifico
1021 1267 1200 1320 subita
1228 1268 1585 1337 praecipitans
1617 1268 1773 1338 cadit,

90 1353 358 1425 'Vndique
384 1374 568 1408 omnes
590 1357 741 1408 uenti
759 1359 1060 1427 erumpunt,
1084 1357 1230 1408 saeui
1247 1357 1485 1409 existunt
1499 1356 1756 1426 turbines,
1772 1366 1858 1406 415

90 1443 276 1497 Feruit
315 1447 464 1497 aestu
502 1445 738 1516 pelagus

212 1558 372 1604 Cicero
412 1561 470 1604 de
510 1560 601 1604 div
634 1561 656 1604 I
688 1566 764 1618 14,
799 1566 855 1604 24
906 1561 1267 1618 ‘gubernatores
1313 1574 1467 1605 nonne
1511 1560 1770 1615 falluntur?

92 1633 153 1662 an
183 1618 468 1663 Achiuorum
508 1619 736 1664 exercitus
776 1622 824 1664 et
860 1622 935 1664 tot
971 1620 1165 1664 nauium
1203 1623 1404 1664 rectores
1442 1634 1537 1663 non
1566 1612 1636 1663 ita
1665 1634 1770 1676 pro-

91 1677 204 1722 fecti
237 1680 345 1722 sunt
376 1679 436 1722 ab
467 1678 575 1734 Ih‘o,
615 1682 676 1723 ut
705 1679 1126 1736 profectionel.
1158 1695 1202 1737 p.
1235 1680 1266 1725 l.
1299 1679 1684 1735 intuerentur,
1716 1681 1771 1722 ut

94 1737 164 1781 ait
185 1736 432 1794 Pacuuius,
464 1752 564 1782 nec
595 1738 803 1783 tuendi
835 1739 1080 1783 satietas
1114 1753 1315 1795 capere
1345 1740 1570 1796 posset?
1596 1739 1642 1796 [3
1661 1739 1767 1796 sq.]'

91 1797 221 1840 Idem
261 1796 317 1839 de
350 1799 465 1840 orat
489 1797 555 1841 HI
578 1802 766 1854 39,157
802 1799 908 1842 ‘sed
940 1812 995 1842 ea
1026 1798 1268 1842 transferri
1299 1800 1503 1855 oportet,
1536 1811 1656 1853 quae
1688 1799 1772 1840 aut

94 1855 340 1899 clariorem
385 1855 567 1900 faciunt
612 1871 732 1914 rem,
779 1860 834 1901 ut
878 1857 964 1901 illa
1010 1857 1188 1902 omnia.
1235 1856 1585 1901 inhorrescit
1620 1870 1770 1900 mare

94 1915 250 1973 [4—8]
284 1914 439 1958 omnia
470 1915 579 1972 fere,
612 1930 704 1972 quo
736 1919 892 1960 essent
923 1916 1136 1972 clariora,
1168 1917 1411 1961 translatis
1442 1930 1525 1972 per
1553 1915 1770 1959 similitu-

95 1973 254 2017 dinem
299 1974 456 2018 uerbis
504 1974 633 2019 dicta
679 1977 818 2020 sunt.'
890 1976 1148 2031 Vtrumque
1194 1975 1349 2019 locum
1396 1975 1771 2031 coniungendum

94 2046 194 2077 esse
240 2032 362 2077 vidit
406 2033 618 2079 Bothius.
679 2034 824 2078 Iulius
869 2035 1033 2079 Victor
1076 2050 1119 2091 p.
1156 2040 1240 2079 251
1287 2035 1360 2078 Or.
1401 2037 1503 2091 (432
1539 2034 1636 2091 H.‚)
1688 2035 1738 2078 ‘e

91 2094 252 2136 tamen
290 2093 532 2136 transferri
572 2096 756 2150 oportet
795 2107 915 2150 quae
955 2094 1198 2138 clariorem
1236 2094 1417 2138 faciunt
1454 2107 1571 2149 rem,
1611 2095 1666 2137 ut
1696 2095 1768 2137 est

94 2151 448 2196 inhorrescit
484 2168 544 2197 m.
586 2155 634 2196 et
670 2153 858 2197 feruet
897 2167 937 2197 a.
969 2154 1032 2210 p.’
1095 2153 1258 2196 Albini
1290 2153 1346 2196 de
1379 2155 1477 2196 arte
1508 2153 1623 2196 rhet.
1658 2151 1768 2196 dial.

93 2226 137 2267 p.
173 2214 258 2254 545
289 2211 345 2255 H.
393 2210 569 2255 eisdem
613 2211 768 2255 verbis
810 2211 1122 2256 ‘horrescit
1159 2213 1239 2256 m'
1283 2215 1331 2256 et
1373 2212 1585 2255 ‘feruet
1622 2225 1663 2255 a.
1703 2227 1747 2268 p.

95 2269 274 2313 laudat.
323 2269 503 2313 Nonius
534 2285 577 2326 p.
605 2275 713 2327 423,
739 2276 764 2314 6
800 2270 1148 2315 τ1101111111111.
1200 2271 1400 2315 ,Accius
1432 2270 1769 2373 MedeaRyIII]

98 2365 135 2373 ..
162 2329 222 2372 M.
258 2328 438 2372 Tullius
586 2343 691 2372 cum
730 2329 886 2373 subito
924 2343 1052 2374 mare
1092 2330 1247 2387 coepit
1280 2331 1542 2374 horrescere
1667 2344 1770 2373 arro

97 2387 301 2444 epistula
332 2388 394 2431 ad
426 2387 691 2433 Caesarem:
738 2388 961 2432 interea
990 2403 1165 2446 prope
1197 2390 1265 2433 ad
1298 2388 1653 2432 occidentem
1684 2403 1771 2432 so-

96 2447 204 2491 lem
241 2446 527 2490 horrescit
564 2448 746 2491 mare.’
810 2448 1012 2492 Possunt
1050 2448 1271 2493 Varronis
1310 2448 1453 2491 verba
1493 2449 1541 2491 et
1577 2447 1772 2491 Pacuvii

95 2505 379 2562 fabulaeque
409 2519 579 2549 nomen
610 2506 851 2551 excidisse.
897 2507 1210 2565 Naufragium
1232 2507 1281 2550 in
1306 2507 1481 2550 Teucro
1506 2509 1771 2550 enarratum

96 2568 187 2610 est:
222 2565 277 2610 cf.
309 2565 416 2609 XIV
448 2567 495 2608 et
526 2565 622 2610 XV.

220 2674 242 2712 1
276 2667 344 2712 sic
374 2670 431 2713 ab
463 2670 598 2713 initio
629 2670 832 2726 suppleri
860 2671 992 2714 velim
1094 2675 1119 2712 2
1151 2669 1405 2725 intuentur,
1437 2683 1519 2714 om.
1552 2671 1618 2726 ut,
1651 2670 1769 2724 Her,-

99 2742 297 2772 mannus
325 2727 561 2771 intuemur
590 2729 695 2772 scite
720 2729 939 2773 Vsenerus
1028 2727 1222 2772 satietas
1254 2728 1411 2785 capier
1439 2730 1597 2784 potest
1619 2743 1773 2773 censor

98 2789 150 2830 in
197 2787 429 2831 Leutschii
472 2788 568 2830 ind.
609 2788 769 2843 philol
811 2792 924 2831 1872
957 2803 1006 2844 p.
1034 2792 1118 2830 287
1167 2801 1330 2843 capere
1377 2787 1571 2831 satietas
1616 2789 1772 2854 potest

99 2846 396 2890 Hermannus
427 2845 573 2890 satias
606 2859 770 2901 capere
799 2860 884 2890 nos
913 2848 1073 2902 potest
1103 2846 1323 2891 Vsenerus
1355 2860 1518 2903 capere
1548 2846 1673 2904 potis
1701 2848 1773 2891 est

100 2903 294 2947 satietas
327 2904 604 2962 Stieylitzius
694 2910 719 2948 6
752 2904 966 2961 largifluo
999 2906 1186 2949 Ernesti
