1980 3146
779 80 830 134 Q.
862 81 1088 127 ENNIVS
1706 82 1778 136 63

101 215 374 260 dubitanter.
426 213 539 258 sinit
568 213 618 257 id
642 215 744 260 Rue
776 214 928 259 sancit
949 216 1176 274 Berykius
1197 214 1352 260 renuit
1372 216 1599 261 Vahlenus
1622 215 1778 260 Herm.

102 278 178 330 12,
204 278 291 318 254
313 272 487 318 retinet
508 273 745 319 Baehrens
774 273 984 319 incendit
1006 275 1199 332 Lipsius
1285 273 1395 318 dein
1419 273 1540 319 senis
1564 287 1638 318 me
1660 275 1780 320 Her-

98 347 316 403 mannus:
347 347 411 378 an
442 331 551 377 dein
581 345 656 377 me
689 332 888 378 senicis?
917 334 992 390 (cf.
1025 335 1174 379 coroll.
1206 333 1393 391 XXXII)
1720 331 1723 334 ’

871 472 997 521 VHI

101 555 280 610 Strata
326 560 498 609 terrae
545 557 723 610 lauere
768 557 1020 610 lacrumis
1056 558 1262 610 uestem
1300 557 1541 627 squalam
1580 560 1634 610 et
1670 557 1778 610 sor-

1162 645 1339 698 didam

216 745 335 791 Non.
379 751 484 803 172,
515 750 573 791 20
628 745 911 802 ‘squalam
955 760 1039 804 pro
1089 746 1386 803 squalidam.’
1456 746 1587 791 Idem
1618 750 1778 803 504,3

100 804 322 850 ‘lauere
353 805 463 850 inde
492 807 697 850 tractum
727 806 831 850 est.’

219 896 345 938 terra
374 894 519 939 BaH
536 908 587 952 p.
614 899 714 951 504,
747 895 1043 940 Hermannus
1133 893 1398 950 squalidam
1428 912 1463 939 ω
1489 909 1537 952 p.
1563 898 1650 938 504

902 1035 974 1082 IX

362 1102 677 1156 abnuebunt

223 1203 471 1249 Diomedes
508 1219 554 1261 p.
587 1209 674 1249 378
705 1204 755 1249 P.
821 1205 1008 1249 ‘uerum
1063 1205 1188 1262 apud
1233 1206 1414 1249 ueteres
1462 1205 1510 1248 et
1556 1202 1777 1247 abnueo

100 1262 279 1308 dictum
317 1266 617 1320 annotamus,
660 1266 715 1308 ut
751 1263 929 1308 Ennius
969 1266 1137 1309 octauo
1177 1263 1439 1308 annalium:
1479 1264 1656 1307 certare
1696 1262 1778 1306 ab·

97 1323 236 1367 nueo’
264 1335 302 1367 e.
329 1338 371 1378 q.
398 1338 432 1369 s,
476 1322 617 1368 ‘item
646 1322 696 1367 in
719 1322 973 1368 Telamone
1005 1337 1061 1368 ex
1092 1337 1146 1368 eo
1178 1323 1386 1368 futurum
1410 1321 1773 1367 abnuebunt.’

215 1411 487 1456 abnuebant
517 1412 629 1458 Par.

216 1499 437 1544 Eiusdem
474 1500 666 1545 fabulae
705 1504 778 1545 est
815 1501 904 1546 inc.
944 1500 1034 1546 inc.
1074 1500 1168 1545 fab.
1205 1499 1348 1556 XLV,
1395 1499 1594 1544 fortasse
1633 1498 1777 1543 etiam

96 1559 187 1604 inc.
220 1573 343 1604 nom.
374 1559 547 1604 XXVII
578 1562 626 1604 et
655 1560 791 1604 LXII.

761 1714 1109 1763 TELEPHVS

923 1817 950 1865 I

112 1901 359 1973 Regnum
396 1901 590 1971 reliqui
629 1903 842 1972 saeptus
879 1900 1113 1954 mendici
1148 1901 1299 1954 stola.
1774 1915 1862 1956 285

216 2002 335 2046 Non.
358 2006 459 2057 537,
476 2007 532 2046 25
560 2002 794 2047 ‘stolam
817 2004 999 2047 ueteres
1021 2016 1117 2046 non
1139 2002 1386 2047 honestam
1408 2004 1589 2047 uestem
1612 2001 1776 2056 solum,

100 2061 182 2105 sed
221 2060 365 2105 etiam
404 2075 609 2117 omnem,
649 2075 769 2117 quae
809 2075 974 2118 corpus
1013 2063 1206 2119 tegeret.
1268 2060 1444 2105 Ennius
1480 2060 1640 2106 Telefo
1673 2060 1776 2119 [III]

99 2120 226 2164 idem
256 2119 522 2187 inbeadem:
553 2121 772 2178 regnum’
808 2134 846 2165 e.
872 2135 914 2176 q.
942 2135 976 2165 s,

218 2208 420 2252 mendici
453 2210 720 2266 Leopardus
750 2208 921 2253 medici
952 2226 987 2253 ω

915 2348 967 2396 Π

98 2431 284 2485 Palam
322 2433 542 2486 muttire
579 2432 789 2502 plebeio
828 2432 1098 2502 piaculum
1139 2435 1232 2485 est.

214 2533 380 2577 Festus
411 2549 455 2590 p.
484 2538 567 2578 145
592 2534 653 2578 M.
704 2532 955 2589 ‘mutire‚
987 2532 1130 2589 loqui.
1176 2533 1355 2578 Ennius
1386 2533 1436 2577 in
1459 2532 1722 2590 Telepho..
1743 2533 1771 2576 .’

100 2592 272 2635 Paulus
302 2608 346 2649 p.
375 2598 459 2637 144
482 2592 544 2637 M.
580 2591 863 2649 ‘muttire‚
894 2591 1037 2647 loqui.
1099 2592 1277 2636 Ennius
1304 2593 1391 2637 ...²
1448 2592 1686 2636 Phaedrus
1710 2591 1775 2635 III

101 2650 206 2707 epil.
241 2656 298 2695 34
335 2653 440 2708 ‘ego
473 2651 708 2707 quondam
738 2651 834 2708 legi
864 2665 1007 2706 quam
1035 2665 1149 2708 puer
1181 2651 1462 2696 sententiam
1492 2650 1773 2694 Palam...

98 2709 414 2765 periculum
454 2713 559 2766 est,
606 2710 728 2754 Dum
767 2709 944 2754 sanitas
984 2709 1221 2754 constabit
1257 2709 1449 2767 pulchre
1487 2708 1800 2753 meminero.’'

100 2767 310 2812 Contulit
345 2769 617 2814 Welckerus
665 2783 720 2813 ex
759 2768 996 2826 Euripidis
1035 2769 1240 2826 Telepho
1279 2769 1332 2813 fr.
1361 2774 1445 2814 703
1469 2767 1547 2813 N'.
1597 2767 1660 2825 μκή
1697 2784 1776 2826 μοι

98 2826 384 2884 φθονήσητ’,
426 2828 595 2885 ἄνδρες
627 2827 859 2884 Ἑλλήνων
899 2827 1055 2886 ἄκροι,
1096 2829 1158 2873 Εἰ
1195 2829 1374 2886 πτωχὸς
1412 2826 1476 2872 ὢν
1507 2825 1687 2884 ‘cethyn'
1724 2822 1775 2871 ἐν

105 2882 339 2931 ἐσθλοῖσιν
370 2884 535 2944 λέγειν.
