1980 3146
788 94 850 138 M.
883 93 1180 139 PACVVIVS
1719 94 1820 146 147

939 235 1029 282 XX

143 318 290 371 Voce
330 295 637 387 suppressa,
676 288 882 370 striato.
904 319 1102 389 fronte,
1140 319 1293 371 uoltu
1333 319 1548 389 turgido

258 412 377 455 Non.
420 416 527 466 204,
553 416 609 454 30
659 411 932 456 ‘frontem
978 411 1202 456 feminino
1249 425 1419 469 genere
1465 411 1701 470 Vergilius
1734 451 1743 458 .
1773 452 1781 459 .
1808 451 1817 460 .

139 470 399 515 masculino
432 470 635 514 Titinius
754 470 978 515 feminino
1010 471 1264 516 Pacuuius:
1296 472 1436 515 uoce’
1472 485 1508 516 e.
1535 487 1577 527 q.
1606 487 1639 516 s.
1677 473 1818 518 ‘Cato

141 567 148 574 .
171 567 179 575 .
201 567 208 574 .
234 531 387 574 fronte
419 529 560 587 longo
587 566 596 575 .
618 566 625 573 .
647 566 659 582 ,
683 529 912 574 Caecilius
939 566 947 575 .
969 566 978 574 .
999 566 1007 574 .
1033 530 1186 574 fronte
1219 530 1369 574 hilaro
1397 566 1406 575 .
1427 567 1435 575 .
1459 532 1486 575 .’
1523 531 1816 587 (feminino

138 589 226 633 del.
267 590 518 645 Mercerus)
566 588 622 632 cf.
671 588 827 632 coroll.
868 589 1068 632 XLVIII.
1130 589 1354 633 Nostrum
1401 603 1586 633 versum
1624 591 1816 636 Vossius

142 648 336 705 adiungi
367 647 519 692 voluit
550 648 612 692 ad
641 647 902 691 Dulorestis
933 647 987 692 fr.
1020 648 1180 691 XXIII.

256 729 421 773 striato
470 730 779 786 Kiesslinyius
824 730 938 773 conl.
987 729 1158 786 Apulei
1202 736 1376 774 metam.
1419 732 1470 774 X
1498 735 1524 773 3
1579 730 1741 776 innato
1781 751 1815 777 ω

133 788 317 832 irritato
350 789 552 846 Scaliyer
580 787 758 832 minato
796 788 967 833 Onioow
1052 787 1261 845 turgido:
1295 791 1352 843 cf.
1386 789 1611 845 Apuleius
1641 798 1813 837 metam.

133 847 197 891 IX
222 853 275 891 21
310 847 551 904 turpitudo
578 847 647 903 W,
680 861 779 891 mss.
806 848 1005 892 Meo-ceri
1034 847 1222 904 turpido
1249 865 1283 904 φ
1315 848 1504 892 turbido
1530 850 1816 896 Passeratius

915 958 1032 1005 XXI

134 1040 273 1104 Quid
312 1042 428 1094 est?
466 1060 590 1094 nam
629 1061 713 1094 me
754 1041 1069 1094 exanimasti
1107 1041 1354 1112 prologi6
1395 1045 1503 1095 tuo.

248 1134 385 1178 Pauli
416 1135 580 1179 Festus
618 1150 663 1192 p.
698 1140 783 1179 226
808 1136 869 1179 M
936 1134 1283 1192 ‘prologium
1314 1135 1618 1192 principium,
1658 1138 1812 1194 plolo-

131 1194 306 1249 quium.
313 1195 325 1215 ’
376 1194 594 1238 Fortasse
625 1194 716 1237 huc
747 1194 925 1238 adlusit
954 1193 1161 1238 Lucilius
1194 1195 1321 1251 apud
1348 1194 1554 1239 Nonium
1575 1212 1618 1252 p.
1646 1201 1715 1252 30,
1735 1203 1811 1243 27:

132 1255 315 1296 utrum
370 1254 457 1311 [tu
542 1253 742 1298 tristi's
798 1255 1061 1298 contorto
1117 1253 1312 1309 aliquo
1369 1268 1433 1298 ex
1486 1254 1810 1301 Pacuuiano

132 1254 397 1357 exordio[‘?
459 1255 525 1357 gf.
569 1311 806 1369 Euripidis
852 1312 1001 1370 Iphig.
1049 1313 1186 1357 Taur.
1234 1328 1276 1358 v.
1321 1317 1435 1357 1162
1482 1313 1702 1358 laudatus
1750 1317 1811 1360 ad

131 1371 288 1416 Dulor.
322 1371 471 1415 XXVI
502 1374 550 1415 et
575 1377 688 1415 1160
720 1370 774 1416 vt·
795 1371 841 1416 δ’
879 1371 1022 1427 ἔστιν,
1050 1371 1314 1429 Ἰφιγένεια,
1349 1372 1515 1417 καινὸν
1548 1374 1597 1418 ἐν
1630 1373 1810 1432 δόμοις;

126 1557 190 1611 In
229 1558 388 1611 turba
427 1558 604 1612 Oresti
643 1483 1116 1630 06gnjta‚{{i110ta
1155 1561 1235 1612 est
1274 1578 1438 1612 soror.

244 1651 509 1696 Priscianus
548 1668 591 1709 p.
631 1657 717 1696 887
748 1653 797 1696 P.
863 1652 1147 1696 ‘notandum
1185 1655 1364 1709 tamen,
1413 1655 1537 1709 quod
1578 1668 1805 1711 cognosco

128 1711 327 1768 cog-noui
367 1711 606 1768 cognitum
647 1714 695 1755 et
726 1725 928 1768 agnosco
962 1711 1135 1768 agnoui
1167 1712 1380 1769 agnitum
1413 1713 1462 1755 in
1493 1713 1806 1769 frequentiore

127 1785 214 1813 usu
261 1770 443 1814 faciunt
487 1785 571 1827 pro
620 1785 646 1814 o
691 1770 984 1827 paenultima
1020 1771 1268 1828 producta,
1317 1786 1459 1827 quam
1497 1772 1806 1817 uetustissimi

126 1829 379 1873 seruabant
426 1829 693 1886 analogiam
739 1832 1005 1886 sequentes,
1053 1829 1070 1872 i
1118 1833 1375 1887 correptam
1420 1831 1728 1876 adhibentia
1794 1870 1802 1878 .

125 1888 356 1932 Pacuuius
397 1890 650 1933 secundum
688 1891 935 1944 utrumque
973 1889 1203 1945 protulit.
1233 1892 1296 1934 ..³
1363 1890 1432 1933 Ex
1473 1890 1644 1947 Chryse
1689 1892 1803 1936 haec

127 1950 312 2004 sumpta
343 1944 574 1993 videntur.

878 2015 1047 2062 XXIII
1745 2061 1750 2065 .

179 2133 188 2142 .
230 2091 356 2159 quid
396 2091 634 2160 cessatiS,
673 2091 825 2160 socii,
865 2090 1032 2143 eicere
1071 2091 1240 2160 spiras
1279 2092 1550 2161 sparteas?
1802 2108 1887 2147 385
1923 2151 1928 2156 ,

242 2184 406 2228 Festus
437 2200 482 2241 p.
517 2189 603 2228 330
626 2184 687 2228 M.
753 2184 936 2241 ‘spira
966 2212 1020 2216 —
1055 2212 1108 2216 —
1140 2183 1265 2227 funis
1303 2184 1520 2228 nauticus
1562 2184 1611 2228 in
1643 2186 1802 2230 orbem

128 2242 419 2298 conuolutus,
451 2243 511 2286 ab
545 2242 708 2286 eadem
733 2257 891 2286 omnes
916 2242 1234 2287 similitudine.
1243 2245 1255 2264 ’
1306 2243 1514 2287 Conlatis
1537 2244 1800 2301 Euripideis

125 2315 180 2344 ex
219 2301 367 2358 Iphig.
408 2301 544 2345 Taur.
581 2306 694 2344 1386
742 2298 776 2345 ὦ
824 2309 907 2358 γῆς
939 2301 1159 2353 Ἑλλάδος
1197 2309 1385 2358 ναῦται,
1431 2303 1544 2354 νεώς
1580 2303 1799 2362 Λάβεσθε

124 2361 320 2416 κώπαις,
357 2357 501 2427 6635&
532 2377 580 2404 τε
612 2362 874 2405 λευκαίνετε
907 2363 982 2404 sat
1010 2360 1253 2417 probabile
1278 2361 1331 2404 fit
1356 2361 1416 2404 ad
1441 2361 1660 2418 Chrysem
1682 2363 1800 2407 haec

124 2433 307 2474 quoque
339 2418 583 2476 pertinere.

233 2503 471 2557 praemitti
499 2503 568 2545 vel
600 2499 673 2543 eia
704 2501 772 2544 vel
803 2499 931 2556 agite
964 2502 1064 2545 licet

877 2609 1040 2656 XXIV

122 2727 391 2739 ......
430 2687 659 2756 reprime
698 2685 983 2738 incisorem
1022 2685 1363 2738 iracundiam.

239 2780 399 2823 XXIV.
430 2780 558 2823 XXV
588 2779 723 2823 Pauli
750 2779 913 2822 Festus
937 2794 980 2835 p.
1010 2783 1093 2822 108
1117 2779 1177 2822 M.
1215 2778 1566 2836 ‘incisorem,
1599 2779 1794 2824 imman-

121 2839 302 2881 suetum
334 2841 382 2882 et
411 2839 573 2882 ferum.
605 2837 836 2882 Pacuuius
864 2838 989 2896 [386]
1020 2838 1258 2881 Interdum
1290 2838 1444 2881 010111·
1474 2853 1558 2895 pro
1583 2839 1792 2896 sapiente

118 2896 321 2953 ponitur,
354 2899 408 2941 ut
437 2897 562 2941 idem
593 2897 824 2940 Pacuuius
858 2897 1016 2955 [387].’

1442 2971 1527 3015 10*
