2020 3140
441 126 522 170 EX
552 126 828 171 INCERTIS
861 126 1259 172 INCERTORVM
1289 126 1542 171 FABVLIS
1724 127 1832 180 315

582 336 586 340 ¹
873 267 1118 331 CXXXIX

152 348 370 404 Amicos
408 351 474 403 ad
512 351 649 403 hanc
687 370 822 421 rem,
860 354 922 404 ut
960 352 1120 420 soleS,
1159 351 1433 405 aduocato.

269 454 323 495 ut
360 451 503 508 soles·‚
544 452 775 496 aduocato
812 452 860 496 Ο.
893 452 1094 496 Jalmius
1132 451 1174 495 si
1210 451 1340 496 uoles
1373 452 1553 496 aduoca
1584 470 1640 508 ω,
1681 458 1834 498 tuetur

151 511 378 569 Bequius
400 513 584 557 creticos
606 512 807 557 baccheis
829 512 1092 556 admiscens.
1117 511 1279 555 uolens
1296 510 1540 555 aduocabo
1555 526 1590 556 x
1610 527 1641 556 a
1655 514 1834 571 tragica

149 585 316 615 scaena
346 572 454 615 haec
482 571 639 616 aliena
667 585 756 615 esse
781 571 1072 615 contendens:
1103 571 1353 615 comoediae
1375 571 1607 616 reddenda
1628 585 1718 616 esse
1739 573 1835 616 iam

154 629 407 686 Geppertus
436 631 610 675 censuit
617 647 634 684 ,·
663 644 744 674 ‘nec
772 643 884 687 πορθ
914 631 1176 687 ambiquum
1206 643 1294 673 esse
1325 631 1549 674 iudieiwm
1579 632 1653 688 (cf.
1682 632 1832 676 coroll.

149 688 333 746 LXV'H)
425 689 487 733 ad
517 688 654 743 hanc,
687 688 728 732 si
758 688 903 739 uoleS,
936 688 1117 732 aduoca
1147 701 1246 732 rem
1276 690 1465 733 coniecit
1494 689 1598 734 Bue

928 812 1053 861 CXL

150 898 370 950 Horridi
410 898 690 950 transeunt
728 898 795 950 ad
831 898 991 967 pedes
1030 899 1095 950 ex
1134 891 1299 967 equis

269 999 519 1054 Confietum
556 1014 645 1045 esse
682 1013 860 1045 versum
888 1004 1034 1043 censet
1063 1012 1116 1042 x:
1156 997 1335 1042 horridi
1366 1000 1533 1056 equites
1562 1013 1621 1044 se.
1648 1000 1835 1056 pulvere

145 1065 190 1104 et
218 1061 381 1104 sudore
1069 1091 1072 1094 ⁴
1142 1110 1149 1117 ,

383 1140 384 1143 ’
911 1123 1064 1172 CXLI

149 1207 378 1262 Strmint
417 1227 626 1261 sorores
655 1207 885 1261 'Atticae
924 1208 1099 1261 dii-lim
1136 1209 1301 1261 nefas.
1836 1219 1923 1259 240

265 1309 442 1354 Marius
466 1310 734 1355 Victorinus
763 1309 890 1355 GGL.
914 1310 980 1354 VI
1004 1314 1089 1353 149
1113 1309 1168 1354 K.
1217 1309 1316 1366 (ubi
1355 1309 1412 1353 de
1451 1308 1835 1366 hendecasyllabi

147 1368 391 1413 elementis
420 1369 608 1427 dicitur)
644 1370 803 1414 ‘itemz
834 1383 967 1413 meae
991 1368 1221 1414 Camenae
1250 1368 1473 1413 caelitum
1494 1370 1642 1412 testor
1671 1381 1833 1425 genus,

147 1427 389 1473 iambicus.
451 1429 587 1474 Item:
636 1443 823 1473 carmen
863 1428 1073 1472 Pierides
1121 1430 1351 1472 struunt
1398 1441 1619 1471 sorores
1663 1454 1718 1459 —-
1764 1428 1834 1471 ita

148 1487 478 1544 complebitur:
533 1502 722 1533 carmen
774 1487 982 1532 Pierides
1034 1491 1250 1545 pangunt
1301 1486 1604 1531 memorabile
1649 1486 1831 1531 Musae:

147 1546 338 1602 dehinc,
384 1549 615 1591 struunt
663 1561 886 1592 sorores
934 1547 1164 1596 Atticae
1214 1547 1395 1590 dirum
1441 1546 1634 1591 nefas)
1699 1545 1833 1589 Terei

144 1605 358 1649 fabulam
388 1606 506 1650 haec
535 1606 753 1663 produnt.
1869 1614 1874 1617 '

269 1694 435 1737 durum
468 1696 570 1739 Pal.
604 1695 715 1740 Par.

901 1761 1080 1810 CXLII

149 1843 283 1896 Dius
316 1848 600 1927 potentes‚f
624 1847 757 1898 ferte
797 1845 1010 1899 lassatis
1049 1847 1226 1915 opem!

264 1945 441 1990 Marius
473 1945 742 1990 Victorinus
776 1947 902 1992 CGL.
927 1947 992 1991 VI
1018 1951 1072 2002 79
1097 1947 1150 1990 Κ.
1210 1944 1616 2003 ‘penthemimeres
1661 1944 1710 1988 in
1748 1945 1832 1988 tri-

147 2004 308 2049 metris
350 2005 465 2050 satis
502 2006 750 2063 probatur,
791 2020 912 2062 quae
949 2020 1033 2063 per
1069 2006 1205 2050 binos
1244 2004 1426 2048 iambos
1466 2006 1513 2047 et
1549 2003 1833 2061 semipedem

149 2064 295 2109 uerba
332 2063 456 2121 finit,
497 2066 551 2109 ut
582 2066 672 2109 est:
713 2064 859 2108 diui’
895 2079 933 2109 e.
967 2080 1010 2121 q.
1045 2080 1079 2109 s.
1141 2064 1434 2108 Pseudoacro
1466 2063 1528 2106 ad
1554 2063 1662 2106 Hor.
1696 2064 1830 2120 epod.

147 2123 250 2168 init.
294 2122 549 2167 ‘iambicus
589 2123 801 2168 trimeter
837 2124 1044 2182 tragicus
1082 2123 1251 2180 recipit
1278 2122 1421 2179 pedes
1454 2122 1662 2178 dextros,
1702 2121 1832 2166 uide-

147 2182 261 2227 licet
291 2182 540 2239 spondium
569 2182 785 2239 primum‚
818 2183 1010 2227 tertium
1042 2185 1090 2227 et
1120 2182 1358 2238 quintum;
1391 2180 1604 2224 sinistros
1635 2180 1831 2237 iambos,

147 2240 373 2285 uidelicet
406 2242 683 2298 secundum,
724 2244 944 2298 quartum
976 2245 1024 2286 et
1055 2244 1259 2286 sextum:
1297 2239 1397 2283 diui
1422 2277 1430 2283 .
1460 2276 1468 2283 .
1497 2276 1505 2283 .
1532 2241 1699 2296 opem.’
1763 2240 1830 2285 cf.

147 2299 255 2344 hist.
288 2302 410 2357 trag.
437 2305 536 2344 542.
650 2314 653 2316 ·

266 2387 346 2430 uix
378 2387 493 2431 satis
527 2391 558 2432 i.
591 2403 626 2433 e.
660 2389 858 2461 uexatiS,
889 2396 942 2434 ut
972 2391 1097 2434 dedit
1130 2390 1371 2446 OruquiuS,
1401 2387 1533 2433 schol.
1566 2387 1683 2433 Hor.

893 2513 1097 2561 CXLIII

148 2598 351 2651 Micant
388 2597 563 2649 nitore
604 2598 744 2648 tecta
782 2597 1001 2649 sublimi
1039 2601 1213 2649 aurea.

269 2697 454 2742 Servius
494 2697 551 2740 de
584 2696 617 2740 C
656 2696 816 2740 metris
855 2697 981 2742 CGL.
1006 2698 1070 2740 IV
1093 2702 1180 2741 467
1204 2697 1258 2741 Κ.
1324 2696 1628 2753 ‘reciprocum
1663 2695 1832 2741 iambi.-

150 2771 257 2801 cum
287 2756 336 2800 in
367 2755 628 2814 elegiacum
659 2758 743 2812 est,
776 2755 992 2812 quotiens
1024 2771 1053 2800 a
1082 2757 1172 2800 fine
1204 2770 1396 2800 scansus
1419 2755 1679 2811 elegiacum
1700 2755 1830 2811 facit,

150 2818 205 2859 ut
234 2818 307 2859 est
337 2815 444 2860 hoc:
480 2814 719 2858 micant’
754 2829 791 2859 e.
818 2830 860 2870 q.
887 2831 920 2859 s.
972 2816 1168 2859 ‘aurea
1199 2815 1434 2858 sublimi
1463 2816 1621 2859 tecta
1642 2813 1831 2859 nitore

150 2874 394 2918 micant.’
444 2874 660 2918 Fortasse
691 2888 739 2918 re
773 2888 883 2918 vera
915 2874 1113 2932 elegiaci
1144 2877 1311 2931 poetae
1340 2876 1468 2919 sunt:
1503 2873 1701 2918 conficta
1731 2887 1830 2918 esse

153 2935 310 2977 censet
340 2948 369 2976 X
