1980 3146
97 2577 181 2615 350

177 102 282 154 140
813 99 876 146 M.
906 99 1205 144 PACVVIVS

629 254 718 301 EX
757 252 1068 303 INCERTIS
1106 253 1390 302 FABVLIS

997 356 1022 403 I

829 439 1022 493 Pastor

175 529 381 581 Exorto
421 528 629 599 iubare,
667 530 842 582 noctis
882 529 1101 581 decurso
1140 526 1332 581 itinere

293 630 439 674 Varro
472 629 529 673 de
560 630 590 673 l.
616 629 646 674 1.
673 630 737 674 VI
761 635 787 674 6
811 630 873 674 Μ.
910 631 989 673 ‘ut
1019 631 1128 673 ante
1160 629 1305 673 solem
1340 631 1505 686 ortum,
1539 629 1664 686 quod
1695 630 1858 674 eadem

177 689 315 733 stella
344 690 541 733 uocatur
571 688 757 745 iubar,
802 690 928 745 quod
958 688 1144 744 iubata,
1183 688 1356 732 Pacui
1396 688 1512 732 dicit
1541 690 1739 745 pastor
1763 727 1772 734 .
1794 726 1801 733 .
1823 689 1851 733 .’

174 748 355 792 Ibidem
385 748 470 792 VH
503 753 558 792 76
582 748 643 792 Μ.
708 748 900 792 ‘iubar
926 785 934 793 .
962 784 970 793 .
1000 784 1010 793 .
1035 747 1173 791 huius
1221 750 1347 792 ortus
1396 747 1631 805 significat
1676 747 1861 792 circiter

177 821 276 851 esse
323 810 578 851 extremam
614 809 822 863 noctem3
868 808 1030 864 itaque
1071 806 1140 850 ait
1176 806 1398 852 Pacuius:
1448 807 1632 851 exorto'
1675 820 1712 852 e.
1746 821 1789 862 q.
1822 822 1856 852 s·

177 866 411 923 Antiopae
444 865 634 911 exordio
667 866 964 923 desumptum
993 866 1194 911 videtur.

988 977 1040 1024 H

175 1060 296 1114 'Odi
328 1074 441 1132 ego
458 1060 704 1114 homines
733 1060 932 1131 ignaua
963 1079 1125 1130 opera
1155 1063 1209 1112 et
1239 1059 1561 1130 philosopha
1584 1060 1861 1113 sententia.

298 1162 475 1206 Gellius
507 1161 615 1205 XIII
647 1167 673 1205 8
716 1161 855 1205 ‘item
892 1174 1054 1205 uersus
1094 1163 1165 1205 est
1195 1160 1245 1203 in
1277 1161 1472 1205 eandem
1501 1161 1645 1205 ferme
1677 1163 1860 1205 senten-

175 1221 294 1265 tiam
323 1220 532 1277 Pacuufi,
565 1234 702 1277 quem
730 1221 926 1264 Macedo
957 1219 1278 1277 philosophus,
1311 1219 1383 1263 uir
1412 1220 1577 1278 bonus,
1612 1219 1859 1264 familiaris

175 1294 320 1337 meus,
344 1280 487 1324 scribi
511 1280 678 1324 debere
703 1279 924 1324 censebat
946 1293 1029 1336 pro
1053 1279 1232 1323 foribus
1257 1278 1463 1323 omnium
1478 1279 1810 1337 templorum..
1828 1280 1857 1324 .’

177 1339 283 1384 Non
315 1339 563 1383 abhorrere
595 1353 624 1384 a
648 1338 746 1383 Seti
775 1338 826 1382 in
849 1338 1056 1395 Antiopa
1085 1352 1286 1395 persona
1314 1339 1498 1383 monuit
1518 1315 1858 1383 Valckenarius

177 1398 375 1443 Diatrib.
422 1414 467 1455 p.
511 1403 579 1444 77.
642 1397 942 1473 Comparavit
985 1397 1257 1472 Hartungus
1304 1397 1410 1443 Eur.
1457 1400 1565 1442 rest.
1597 1398 1641 1441 H
1670 1402 1758 1441 420
1803 1397 1859 1442 fr.

177 1458 283 1502 Eur.
318 1463 372 1502 61
399 1457 479 1503 ΝΞ.
543 1464 658 1515 μισῶ
705 1456 854 1514 σοφὸν
894 1455 1021 1502 ἨΟντ
1059 1453 1110 1502 ἐν
1147 1456 1372 1514 λόγοισιν,
1423 1456 1469 1510 ἐς
1509 1456 1554 1501 δ’
1599 1457 1761 1514 ὄνησιν
1804 1458 1858 1501 ου

1205 1515 1274 1576 svs

180 1572 349 1632 σοφόν,
381 1575 507 1630 quod
537 1574 588 1618 in
617 1574 827 1631 margine
859 1574 1043 1619 Orionis
1077 1574 1123 1628 ἐξ
1155 1563 1231 1624 &DC
1259 1571 1495 1632 sumptum
1525 1588 1626 1618 esse
1657 1576 1861 1630 notatur,

179 1635 222 1679 h.
257 1647 294 1678 e.
330 1633 683 1678 Schneidewino
714 1634 969 1691 interprete
1002 1633 1049 1687 ἐξ
1076 1632 1387 1691 Ἀλεξάνδρου.

299 1722 378 1766 odi
410 1736 496 1780 ego
528 1724 598 1780 (ut
628 1723 794 1767 Plauti
815 1723 1042 1779 Amphitr.
1069 1725 1172 1780 328)
1202 1724 1271 1768 vel
1302 1736 1411 1779 ergo
1445 1721 1523 1766 odi
1547 1722 1743 1767 Bothius
1775 1735 1861 1790 ego

181 1781 258 1825 odi
290 1799 347 1838 ω,
388 1782 508 1839 qaod
538 1783 645 1827 olim
676 1783 745 1826 ita
774 1783 955 1838 tuebar,
994 1787 1048 1826 at
1071 1783 1274 1851 primam
1303 1796 1458 1827 versas
1488 1782 1713 1839 syllabam
1743 1782 1860 1826 exci-

181 1843 296 1886 disse
340 1846 594 1886 statuerem.
656 1841 814 1885 Erwnt
858 1817 1048 1896 fort’asse
1095 1843 1174 1898 qui
1220 1854 1306 1898 ego
1355 1840 1433 1885 odi
1479 1841 1703 1884 homones
1743 1854 1858 1885 com-

180 1901 388 1945 mendent
418 1901 586 1957 (coroll.
619 1899 829 1957 XXXVI)

182 2063 261 2116 Tu
301 2064 656 2117 cornifrontes
692 2065 908 2133 pascere
947 2065 1214 2116 armentas
1253 2063 1405 2116 soleS.

300 2164 418 2209 Non.
453 2169 560 2220 190,
584 2169 641 2208 20
684 2165 967 2208 ‘armenta
992 2201 1000 2209 .
1023 2201 1031 2208 .
1051 2201 1060 2209 .
1086 2164 1310 2208 feminino
1349 2163 1525 2207 Ennius
1552 2200 1560 2208 .
1583 2199 1619 2207 ..
1646 2162 1855 2207 uiuius:

183 2224 260 2267 tu’
305 2238 343 2270 e.
376 2239 419 2279 q.
453 2239 487 2268 S.
547 2223 620 2280 (cf.
655 2223 792 2267 Thilo
826 2224 887 2267 ad
919 2223 1130 2268 Servium
1161 2224 1275 2267 Aen.
1307 2223 1372 2266 ΙΠ
1396 2226 1499 2281 540)
1531 2221 1783 2279 Amphioni
1813 2222 1863 2265 in

184 2282 388 2339 Antiopa
421 2282 536 2326 scite
567 2282 736 2326 tribuit
766 2283 1040 2326 Welckerus
1073 2282 1147 2326 Gr.
1180 2284 1237 2326 tr.
1269 2297 1313 2339 p.
1341 2287 1439 2326 821.

300 2373 353 2414 tu
376 2384 565 2427 pascere
591 2370 895 2416 cornifrontes
925 2371 1045 2415 soles
1072 2372 1306 2414 armentas
1331 2371 1528 2427 Nonias‘,
1553 2385 1666 2415 corr.
1690 2371 1864 2414 Junius

986 2481 1058 2528 IV

257 2562 419 2634 Agite
457 2563 554 2634 ste,
593 2564 828 2617 euoluite
866 2565 1060 2634 rapite,
1099 2582 1251 2616 coma

260 2651 505 2704 Tractate
544 2670 640 2721 per
678 2670 863 2721 aspera
901 2653 1028 2704 saxa
1067 2655 1120 2704 et
1157 2651 1403 2720 humum,

261 2738 496 2791 Scindste
534 2743 739 2792 uestem
778 2741 945 2792 ocius!

303 2839 479 2882 Marius
503 2839 771 2884 Victorinus
804 2839 880 2884 GL
904 2840 967 2884 VI
992 2845 1016 2884 7
1022 2846 1046 2885 7
1071 2840 1124 2884 K.
1149 2842 1154 2849 '
1177 2837 1544 2895 ‘anapaesticum
1567 2837 1712 2880 melos
1736 2837 1859 2880 binis

187 2896 383 2952 pedibus
431 2900 559 2941 amat
598 2912 781 2942 sensum
821 2898 1077 2955 includere,
1125 2900 1179 2942 ut
1217 2897 1341 2954 apud
1379 2896 1571 2940 Accium
1596 2932 1604 2941 .
1626 2933 1633 2941 .
1656 2933 1663 2941 .
1690 2896 1860 2939 Contra
