2020 3140
442 92 524 136 EX
552 91 828 137 INCERTIS
860 91 1262 137 INCERTORVM
1292 91 1544 137 FABVLIS
1723 93 1833 145 295

161 227 374 299 ‘segetes
412 227 599 299 largiri
636 228 839 299 frugeS,
878 228 1067 281 florere
1107 228 1307 296 omnia,

113 331 138 365 5
161 312 350 369 Fontes
388 319 611 385 scatere,
648 316 829 369 herbis
866 318 1022 386 prata
1059 315 1421 370 conuesti'rier.

272 417 430 462 Cicero
454 417 587 462 Tusc.
614 417 731 474 disp.
756 417 778 461 I
801 421 870 473 28,
897 421 953 460 69
987 416 1082 460 ‘hic
1114 419 1289 473 autem,
1316 416 1398 460 ubi
1421 415 1704 471 habitamus,
1735 429 1831 460 non

159 473 423 520 intermittit
462 491 544 520 suo
582 479 790 533 tempore
830 475 1071 519 caelum’
1107 489 1144 520 6.
1179 490 1222 531 q.
1257 491 1290 520 s.
1353 476 1482 519 Idem
1520 475 1578 519 de
1618 477 1732 519 orat.
1765 475 1831 518 III

159 537 238 588 38,
265 538 342 578 154
391 537 649 580 ‘nouantur
687 538 846 579 autem
882 534 1049 590 uerba,
1095 548 1216 590 quae
1255 535 1315 579 ab
1356 548 1410 579 eo
1450 534 1531 590 qui
1571 533 1687 578 dicit
1725 533 1828 590 ipso

157 591 407 649 gignurtur
444 609 498 638 ac
537 595 655 638 fiunt
692 594 770 638 uel
804 593 1141 650 coniungendis
1172 593 1328 637 uerbis
1355 628 1393 638 ..
1415 630 1423 638 .
1449 593 1527 637 uel
1559 606 1697 650 saepe
1730 592 1828 637 sine

158 650 477 698 coniuntssione
508 653 653 697 uerba
682 655 938 709 nouantur,
972 689 981 697 .
1003 689 1011 696 .
1031 687 1040 696 .
1066 654 1120 695 ut
1149 652 1415 697 bacarum
1445 652 1712 696 ubertate
1743 651 1828 695 in-

158 709 516 757 curuiseere)
579 712 697 756 Non.
733 717 839 768 122,
867 717 920 756 17
957 711 1390 755 ‘incuruiscere
1446 711 1604 756 Cicero
1637 711 1694 755 de
1727 725 1828 755 ora-

154 771 257 812 tore
288 769 368 814 lib.
394 788 461 817 111:
506 771 772 815 bacarum
809 771 1075 814 ubertate
1114 770 1519 814 incuruiscere.
1581 771 1654 814 Ita
1693 772 1741 814 et
1779 770 1829 813 in

156 828 428 872 Tusculanis
464 829 546 874 lib.
579 831 628 874 1.’
691 830 943 874 Manifesto
991 829 1052 873 ad
1095 829 1235 872 Ennii
1274 829 1553 874 Eumenides
1591 828 1829 886 pertinent

152 887 386 931 translata
417 900 468 932 ex
497 889 661 933 Aesch.
688 894 772 933 903
791 903 888 945 sqq.

274 981 297 1018 1
315 990 405 1033 sqq.
437 979 632 1023 versibus
647 979 885 1034 praemitti
900 991 1030 1034 posse
1054 991 1137 1022 suo
1160 991 1255 1021 non
1278 979 1454 1034 (melius
1476 990 1535 1020 ne
1560 979 1659 1034 suo)
1684 976 1827 1021 inter-

152 1034 314 1078 mittat
339 1038 541 1092 tempore
566 1037 861 1081 Hei-mannus
889 1038 1066 1081 monuit
1147 1041 1173 1080 2
1198 1035 1430 1080 laetificae
1448 1037 1661 1092 probavit
1684 1037 1827 1081 Bent-

153 1095 266 1138 {eius
295 1094 545 1138 laetificare
576 1097 688 1154 Req.
720 1095 963 1139 laetiscere
995 1096 1099 1140 Pal.
1123 1111 1153 1140 α
1259 1100 1284 1139 3
1316 1096 1581 1140 ubertatem
1612 1096 1761 1158 Nonii
1791 1113 1826 1139 ω

239 1152 550 1197 incuruiscere
579 1156 761 1200 Nonius

150 1302 299 1374 Tela,
337 1303 547 1374 famuli,
593 1306 698 1357 tela
734 1323 958 1374 propere
996 1305 1224 1374 <ferte>2
1271 1305 1512 1374 sequitur
1549 1306 1635 1357 1116
1673 1304 1827 1358 ToaS.

266 1404 448 1462 Fragm.
482 1405 539 1449 de
569 1408 698 1450 metr.
732 1405 857 1450 CGL.
883 1406 947 1450 VI
972 1410 1056 1450 613
1080 1405 1134 1450 Κ.
1193 1407 1535 1463 ‘tetrametros,
1567 1406 1649 1462 qui
1677 1405 1826 1450 latine

148 1464 404 1519 quadratus
450 1467 665 1520 uocatur,
720 1464 960 1509 eboriacus
1004 1464 1116 1508 talis
1164 1467 1254 1510 est:
1309 1465 1452 1509 tela’
1496 1479 1533 1509 e.
1567 1480 1610 1521 q.
1645 1480 1680 1511 S.
1749 1465 1826 1508 Ad

149 1522 354 1580 Chrysen
384 1523 578 1567 Pacuvii
607 1523 781 1568 rettuli.

265 1603 382 1648 ferte
413 1605 520 1649 add.
551 1619 584 1649 x
613 1603 710 1648 tela
741 1605 930 1662 Lipsius
959 1606 1142 1650 iteravit
1165 1611 1271 1661 post
1299 1606 1491 1651 alterum
1521 1604 1618 1649 tela

880 1715 1087 1763 LXXIV

1205 1786 1376 1853 neque
1414 1802 1498 1836 me
1535 1784 1710 1853 patiar

143 1869 361 1924 'Iterum
401 1872 468 1924 ad
503 1891 671 1925 unum
710 1873 988 1942 scopulum
1026 1876 1088 1925 ut
1128 1873 1256 1925 olim
1292 1873 1511 1925 classem
1541 1870 1808 1926 Achiuom
1826 1892 1912 1931 140

1205 1962 1482 2014 offendere.

262 2053 353 2099 Cic.
387 2054 444 2098 de
477 2068 539 2098 or.
564 2055 629 2099 111
652 2060 729 2111 41,
757 2060 841 2099 166
874 2055 998 2112 (vide
1029 2055 1213 2110 LXVII)
1246 2054 1303 2100 cf.
1335 2054 1419 2098 Iul.
1444 2053 1565 2098 Vict.
1599 2053 1649 2097 in
1678 2054 1818 2099 rhett.

142 2112 266 2158 Latt.
298 2128 342 2169 p.
369 2117 454 2180 432
479 2114 535 2158 H.
581 2114 814 2180 Incertum
847 2117 1004 2158 utrum
1035 2128 1090 2158 ex
1121 2113 1366 2170 tragoedia
1399 2127 1459 2157 an
1482 2127 1547 2179 ‘ex
1579 2113 1820 2158 comoedia

142 2173 502 2287 ffliffiffiffi.
520 2172 688 2276 {12¹3
690 2175 766 2276 ¹¹ssss
776 2174 920 2287 Ἒῖῗέὲ
933 2172 1819 2288 6ζῖαὲῖὶἒέῗέρῖἒῖἒῗᾶαῗέοέῗίῂῗῗὲἐ

143 2288 486 2345 Gottingenses.

264 2375 285 2412 1
325 2368 482 2425 patior
526 2371 715 2428 Layom.
758 2371 980 2427 plerique,
1033 2370 1147 2414 Vict.
1190 2370 1310 2415 Gud.
1350 2385 1380 2414 a
1418 2376 1459 2415 et
1498 2372 1523 2415 b
1568 2371 1670 2428 pati
1716 2372 1819 2417 Bae

231 2433 256 2470 2
289 2427 458 2472 iterum
489 2441 570 2473 om.
603 2431 756 2473 inutili
844 2429 905 2472 ad
935 2443 1079 2471 unum
1109 2446 1144 2471 ω
1174 2435 1227 2473 ut
1254 2430 1455 2473 Plautus
1486 2429 1623 2475 Most.
1658 2435 1742 2474 677

140 2489 195 2530 ut
234 2486 347 2530 olim
384 2489 547 2543 scripsi
583 2490 637 2530 ut
667 2490 749 2544 (et)
788 2487 936 2531 telum
974 2486 1143 2544 (celum
1179 2489 1248 2532 vel
1279 2487 1460 2531 coelum
1489 2490 1556 2534 vel
1588 2488 1750 2547 alium)
1782 2508 1817 2534 ω

231 2546 291 2589 ad
322 2560 465 2589 unum
496 2546 736 2602 scopulum
765 2545 935 2590 iterum
966 2559 1118 2589 crasse
1150 2545 1380 2590 offendere
1411 2548 1565 2592 Iulius
1595 2549 1748 2594 Victor

890 2655 1069 2702 LXXV

230 2782 239 2791 .
317 2757 474 2792 saxea
512 2741 592 2791 est
628 2757 851 2791 uerruca
889 2739 947 2791 in
984 2742 1190 2791 summo
1230 2740 1428 2792 montis
1465 2741 1680 2793 uertice.

259 2831 574 2884 Quintilianus
606 2833 711 2876 VIII
736 2838 776 2888 3,
802 2837 858 2876 48
898 2832 1203 2880 ‘deformitati
1232 2832 1493 2889 proximum
1524 2835 1596 2877 est
1625 2833 1814 2877 humili-

138 2890 253 2934 tatis
277 2890 446 2935 uitium
460 2889 754 2950 (ταπείνωσιν
770 2893 973 2949 uocant),
998 2906 1091 2947 qua
1114 2891 1182 2935 rei
1205 2891 1479 2949 magnitudo
1504 2891 1582 2936 uel
1605 2891 1812 2950 dignitas
