1980 3146
223 128 328 180 110
858 126 920 170 M.
952 124 1250 169 PACVVIVS

1023 264 1076 311 Π

217 350 459 403 Tristitia
497 352 655 418 atque
695 349 860 402 animi
898 347 1234 401 intoleranda
1272 347 1579 401 anxihidine

332 451 450 495 Non.
487 455 554 507 72,
579 455 634 494 33
671 449 977 494 ‘anxissudo‘
1000 486 1007 493 .
1029 486 1037 493 .
1058 485 1066 493 .
1087 449 1115 493 .'

1019 560 1096 607 ΠΙ

127 665 210 705 165
229 688 414 698 .....
455 647 511 698 at
547 665 656 699 non
699 663 910 699 cernam
918 688 932 715 7
969 643 1074 696 nisi
1112 647 1308 715 ssagam.

329 745 492 790 Festus
523 762 567 803 p.
594 751 679 791 356
704 747 765 790 M.
802 745 980 803 ‘tagii
1009 726 1241 789 Pacuuius
1273 744 1323 788 in
1346 745 1522 789 Teucro
1546 771 1604 778 —
1628 748 1676 788 et
1698 747 1888 802 tagam

211 803 336 848 idem
366 804 416 848 in
445 805 697 850 Hermiona
723 842 730 849 .
753 842 760 850 .
781 806 811 850 .’

330 895 380 937 ab
409 894 605 939 Bothius
637 896 719 937 aut
749 895 842 939 eod.
934 895 1071 949 izagat
1103 893 1352 938 Vaticanus

1010 1003 1083 1051 IV

215 1078 347 1132 Cum
384 1082 555 1149 neque
593 1098 679 1132 me
718 1080 953 1149 aspicere
989 1079 1234 1149 aequales
1273 1080 1553 1150 dignarent
1590 1097 1736 1132 meae

327 1181 445 1226 Non.
477 1185 585 1238 470,
612 1186 667 1224 19
717 1180 979 1238 ‘dignaui
1024 1195 1108 1237 pro
1155 1180 1376 1238 dignatus
1422 1195 1523 1224 sum
1567 1180 1643 1224 uel
1690 1179 1884 1236 dignum

211 1239 322 1283 duxi
348 1277 355 1284 .
377 1277 385 1284 .
406 1241 434 1284 .’
499 1240 684 1285 Servius
714 1241 830 1285 Dan.
869 1240 920 1283 in
949 1240 1063 1284 Aen.
1095 1240 1159 1283 XI
1185 1245 1268 1284 169
1311 1239 1419 1284 ‘alii
1458 1239 1683 1297 dignem
1720 1240 1883 1296 legunt

209 1299 342 1343 iuxta
369 1301 551 1343 ueteres
583 1300 642 1343 ab
675 1313 729 1345 eo
761 1300 887 1356 quod
919 1301 991 1343 est
1022 1298 1193 1356 digno
1219 1300 1306 1343 ...⁹
1369 1298 1615 1343 Diomedes
1649 1315 1694 1356 p.
1721 1303 1806 1343 395
1830 1298 1880 1343 P.

212 1357 412 1415 ‘digno
445 1358 513 1402 ait
541 1358 774 1402 Pacuuius
804 1358 855 1402 in
884 1357 1163 1402 Hermiona.
1184 1395 1193 1402 .
1214 1359 1241 1402 .’

324 1461 398 1491 me
435 1461 517 1492 om.
550 1447 791 1492 Diomedes
918 1446 1147 1504 aspiceret
1184 1447 1332 1492 Nonii
1362 1464 1396 1491 ω
1434 1446 1661 1502 inspicere
1700 1446 1881 1492 Servius

295 1519 426 1550 meae
457 1520 540 1551 om.
572 1506 814 1552 Diomedes
842 1519 917 1550 me
949 1506 1130 1552 Servius
1162 1506 1301 1551 Fam.

206 1692 363 1747 Prius
402 1693 525 1746 data
555 1697 635 1746 est
666 1712 827 1763 quam
856 1693 960 1746 tibi
992 1616 1106 1746 diri
1139 1693 1300 1764 dicta,
1338 1695 1431 1745 mit
1462 1711 1621 1762 quam
1652 1692 1881 1744 reditum

1265 1785 1345 1835 est
1380 1781 1655 1852 Pergamo

322 1883 441 1927 Non.
474 1887 574 1940 280,
600 1887 655 1927 27
691 1882 907 1927 ‘dicere
938 1860 1082 1926 etiam
1111 1882 1382 1939 promihssere
1401 1919 1410 1926 .
1431 1919 1439 1927 .
1460 1919 1468 1926 .
1490 1882 1517 1926 .’

206 2069 359 2133 Qu6d
409 2088 506 2141 ego
560 2070 617 2122 in
672 2046 782 2122 acie
836 1992 1077 2122 celebr}I
1096 2067 1368 2122 obiectans
1416 2068 1585 2122 uitam
1632 2067 1879 2120 bellando

1263 2157 1418 2226 aptus
1455 2175 1572 2209 sum

319 2261 438 2305 Non.
465 2265 566 2316 234,
590 2264 645 2304 25
681 2260 875 2316 ‘apizus
908 2258 1141 2315 significat
1172 2258 1401 2314 adeptus.
1422 2294 1430 2301 .
1451 2257 1478 2302 .’

322 2349 506 2393 celebra
535 2349 732 2394 Bothius
762 2348 945 2393 celebro
976 2365 1010 2392 ω
1044 2347 1204 2391 crebro
1237 2347 1418 2391 Vossius

985 2458 1032 2504 V

206 2533 344 2597 Quid
380 2535 656 2589 benefacta
694 2535 806 2589 mei
838 2458 1224 2605 pairiS‚chius
1265 2534 1423 2602 opera
1459 2535 1513 2584 te
1552 2549 1662 2583 esse
1702 2530 1875 2582 ultum

1262 2619 1576 2673 antumant?

318 2724 436 2769 Non.
470 2729 576 2780 237,
601 2731 627 2768 3
674 2725 990 2768 ‘autumare
1037 2724 1108 2766 est
1156 2721 1320 2766 dicere.
1381 2718 1611 2764 Pacuuius
1651 2717 1877 2761 Periboea

204 2819 210 2826 ,
234 2819 242 2827 .
263 2820 270 2826 .
295 2783 420 2827 idem
448 2783 702 2827 Hermiona
733 2821 741 2827 .
764 2820 771 2827 .
793 2820 801 2827 .
936 2810 940 2814 -

318 2871 573 2915 benefacta,
593 2871 686 2915 mei
711 2871 944 2916 Meo-cerus
971 2868 1264 2914 benefaciam
1294 2866 1337 2911 ei
1360 2883 1394 2910 ω
1493 2879 1633 2922 opera
1664 2867 1711 2908 te
1742 2866 1874 2922 vulyo

204 2943 343 2986 opera
374 2942 514 2986 opera
543 2932 591 2973 te
623 2947 658 2972 ω
751 2930 996 2973 autumant
1029 2928 1086 2983 G,
1117 2927 1312 2972 Bothius
1343 2926 1554 2969 autumat
1588 2942 1623 2981 φ
