1980 3146
177 137 281 196 '198
640 157 644 160 ·
781 183 784 186 ,
830 126 915 196 [L.
948 142 1158 187 Acclvs

982 281 1035 329 H

171 367 482 436 Passimque
519 366 716 436 praeda
752 368 919 436 pecua
956 365 1231 418 uallebant
1267 366 1425 437 agris.

173 527 219 570 d·
290 468 408 570 Νοιέ.
444 471 549 548 159,,
579 472 633 511 15
683 468 885 524 ‘pecua
932 469 980 511 et
1025 467 1207 524 pecuda
1252 466 1322 511 ita
1367 468 1421 510 ut
1460 480 1629 523 pecora
1669 468 1851 511 ueteres

206 540 370 571 ixerun

289 629 379 671 que
411 617 567 661 Vrbin.
600 629 721 671 quae
752 632 787 659 ω
878 614 1122 659 uallebant
1154 616 1218 659 W
1233 604 1299 670 cf.
1331 615 1475 659 Pauli
1503 614 1667 660 Festus
1691 631 1738 672 p.
1765 619 1850 660 377

169 674 689 779 “{ass’glfflssusslssssbant
720 692 755 732 φ
793 674 1023 718 halabant
1054 675 1234 719 Aldina
1345 673 1569 731 praedam
1599 689 1643 730 p.
1678 674 1851 718 auelle-

169 897 296 951 Non
332 900 501 969 genus
539 899 717 951 uirum
757 901 934 967 ornat,
971 899 1154 969 generi
1192 898 1278 950 uir
1315 898 1473 951 fortis
1510 898 1644 950 loco,

287 999 405 1043 Non.
433 1003 539 1055 338,
566 1005 620 1043 22
664 999 873 1044 ‘locum
911 1000 1050 1044 decus
1091 999 1354 1057 significare
1392 999 1497 1042 uult
1535 998 1702 1042 Accius
1741 998 1852 1042 Dio·-

169 1058 303 1102 mede
330 1059 417 1103 ...’
481 1058 537 1103 cf.
571 1059 816 1103 Philemon
845 1060 898 1104 fr.
927 1063 1012 1103 180
1036 1059 1090 1103 K.

189 1183 193 1186 .
286 1147 469 1204 generis
502 1148 736 1193 Mereerus
776 1157 778 1159 ’
825 1147 960 1192 fortis
993 1148 1229 1193 Mercerus
1258 1147 1371 1191 forti
1403 1165 1438 1191 ω

976 1302 1049 1350 IV

1038 1385 1249 1457 Ogygia
1287 1386 1497 1439 moenia

285 1487 450 1531 Festus
481 1502 525 1544 p.
554 1491 637 1531 178
663 1487 723 1532 Μ.
790 1486 1038 1545 ‘Ogygia
1075 1486 1298 1531 moenia
1338 1486 1505 1531 Accius
1544 1487 1594 1530 in
1624 1487 1849 1532 Diomede

123 1584 126 1586 .
168 1545 679 1649 ἓξὲξῌῗὲεῶῗὲἒξῆοαή
711 1546 954 1602 Thebas,
995 1545 1107 1602 quia
1139 1560 1243 1590 eam
1273 1546 1436 1590 urbem
1468 1546 1658 1604 Ogygus
1693 1547 1852 1591 condi-

987 1686 1034 1732 V

167 1770 242 1823 Et
280 1771 471 1841 qualis
491 1770 675 1840 fuerit,
714 1770 856 1823 fama
895 1770 1217 1823 celebrescat
1255 1774 1361 1824 tua.

284 1872 404 1917 Non.
430 1875 500 1927 89,
527 1875 581 1915 15
617 1871 1033 1916 ‘celebrescat’

287 1962 353 2019 et]
386 1975 450 2005 cm
479 1962 562 2005 ut?
777 1936 779 1939 Α

971 2027 1043 2074 VI

81 2126 166 2166 275
184 2109 269 2163 Ita
299 2113 354 2162 et
382 2110 513 2162 fletu
542 2113 595 2162 et
619 2110 854 2163 tenebris
879 2110 1179 2163 obstinatus
1201 2110 1430 2179 speciem
1456 2109 1609 2161 amisi
1633 2109 1850 2162 himinis

187 2198 558 2268 Conspiciendi
597 2199 895 2251 insolentia.
1133 2184 1138 2189 ⁸

286 2300 406 2345 Non.
432 2304 531 2356 322,
558 2305 614 2343 24
649 2299 928 2343 ‘insolens
960 2315 1143 2343 rursum
1172 2313 1267 2343 non
1297 2299 1449 2343 solens
1469 2336 1478 2343 .
1500 2335 1509 2343 .
1531 2335 1538 2342 .
1560 2299 1588 2342 .’

287 2390 510 2434 Iambicos
547 2389 823 2445 septenarios
861 2389 1046 2446 ammovit
1075 2403 1108 2433 x
1230 2392 1253 2430 1
1293 2386 1364 2431 ita
1397 2389 1449 2431 in
1479 2389 1778 2432 antecedentis
1809 2402 1847 2431 v

169 2449 342 2492 exitwm
369 2449 565 2514 releyare
597 2448 699 2492 licet
788 2449 835 2490 et
864 2447 977 2491 fletu
1008 2446 1204 2492 Scriver
1185 2461 1258 2491 ms
1289 2446 1447 2490 effletu
1471 2463 1505 2489 ω
1537 2445 1649 2490 fletu
1677 2446 1849 2490 Guliel-

170 2521 290 2551 mzus
423 2506 561 2549 amisi
596 2506 639 2549 L
677 2505 838 2560 amissi
869 2524 925 2563 ω,
966 2507 1086 2563 quod
1122 2507 1239 2550 idem
1276 2511 1341 2550 est
1475 2510 1500 2547 2
1533 2503 1849 2560 conspiciendi

170 2564 424 2609 insolentia
461 2566 676 2620 Bothius‚
720 2567 797 2609 sed
834 2522 993 2610 deleriq
1010 2566 1179 2610 iubens
1221 2563 1509 2620 conspicient
1547 2563 1847 2606 insolentiam

173 2623 446 2679 (insolentia
476 2625 522 2667 B
535 2624 579 2668 G
588 2624 730 2679 H)

172 2785 394 2840 'Adsum
433 2788 573 2856 apud
610 2791 687 2857 te,
725 2718 1059 2858 genitor.VH

291 2888 408 2931 Non.
443 2893 549 2942 522,
574 2892 630 2931 33
680 2887 866 2943 ‘itaque
912 2887 1081 2931 uitiose
1128 2885 1346 2941 dicimus,
1392 2899 1497 2928 cum
1535 2899 1618 2928 nos
1659 2884 1708 2927 in
1747 2886 1845 2929 foro

174 2944 317 2989 fuisse
342 2945 562 3003 dicamus,
589 2946 714 3002 apud
733 2946 885 2990 forum
900 2945 1056 3002 fuisse,
1082 2960 1187 2988 cum
1210 2944 1357 3000 apud
1380 2943 1511 2987 iuxta
1529 2943 1843 3000 significet...’
