1980 3146
179 100 288 152 242
871 98 919 142 L.
953 97 1162 142 Acclvs
1231 67 1234 70 ’

178 247 265 277 1108
295 231 554 288 1110011111118,
588 231 687 274 sub
721 230 844 274 axe’
879 243 917 273 e.
943 244 985 285 q.
1013 245 1046 274 s.
1102 230 1258 274 Verba
1290 231 1388 274 sub
1422 245 1522 275 axe
1644 233 1858 288 septem

178 291 355 348 primus
394 289 536 334 Accio
577 288 708 333 dedit
746 288 997 332 Bentleius
1061 288 1211 333 Schol.
1243 289 1411 334 Veron.
1450 289 1500 333 in
1530 290 1642 334 Aen.
1668 290 1777 334 VIII
1800 294 1856 334 28

87 348 94 354 ’
178 366 224 408 p.
252 355 306 394 99
330 350 384 394 Κ.
431 349 534 392 ‘sub
567 347 768 392 aetheris
801 361 900 403 axe,
933 348 1018 392 sub
1051 347 1142 392 dio.
1204 347 1371 392 Accius
1402 347 1453 392 in
1482 348 1773 393 Philocteta.
1795 386 1802 393 .
1824 350 1853 392 .’

179 409 298 453 Non.
332 414 431 464 346,
458 413 512 452 18
548 406 784 463 ‘.moliri,
826 410 1057 462 extruere,
1097 406 1274 451 dictum
1310 421 1338 451 a
1368 406 1569 451 molibus
1594 444 1604 453 .
1624 444 1632 452 .
1654 445 1663 452 .
1688 407 1856 452 Accius

180 468 429 512 Filoctete:
484 466 582 510 ubi
634 465 882 510 horrifer
917 503 924 510 .
954 503 961 510 .
991 503 999 510 .
1031 465 1225 510 niues.’
1298 466 1406 510 Solo
1453 464 1588 510 versu
1635 472 1660 510 2
1708 466 1858 511 utitur

179 525 661 571 Pseudo-Censorinus
686 526 744 569 de
766 528 898 570 metr.
922 541 965 582 p.
986 530 1099 569 2726
1121 526 1170 569 Ρ.
1203 524 1346 582 (CGL.
1364 525 1429 570 VI
1445 530 1529 570 612
1553 526 1628 583 Κ.)
1666 540 1750 583 pro
1774 525 1856 570 tri-

179 585 316 629 metri
344 584 516 642 tragici
545 585 769 642 exemplo,
802 585 884 629 sed
908 588 955 628 et
977 587 1145 641 poetae
1170 586 1217 628 et
1239 584 1428 628 fabulae
1451 598 1621 628 nomen
1642 584 1855 629 reticens,

299 679 321 717 1
363 673 568 730 positum
613 675 745 718 schol.
787 674 946 718 Veron.
1069 674 1130 717 ad
1178 673 1338 717 stellas
1387 675 1565 730 septem
1601 687 1683 718 om.
1722 675 1853 718 schol.

187 734 345 778 Veron.
437 732 580 790 unde]
611 732 694 776 ubi
718 733 902 777 Nonius
998 732 1212 776 horridus
1243 734 1376 778 schol.
1398 734 1557 778 Veron.
1655 737 1681 776 2
1714 732 1855 788 Aqui-

178 792 290 836 loni'
316 806 417 837 cwm
434 793 643 837 Bentleio
658 792 985 837 Lachmannus
1009 791 1251 848 aequisoni
1274 794 1342 849 (so
1367 806 1423 836 ex
1445 805 1558 836 corr.
1576 792 1636 848 L)
1657 792 1805 836 Nonii
1820 809 1854 835 ω

267 850 470 910 gelidas]
497 887 653 896 .....
682 865 731 894 as
763 853 894 896 schol.
930 852 1087 896 Veron.

957 990 1074 1037 XXI

176 1073 357 1146 'Agite
381 1092 440 1127 ac
465 1074 660 1126 uulnus
683 1075 750 1126 ne
775 1077 1043 1126 succusset
1066 1075 1294 1145 greSSUS‚
1323 1077 1475 1127 caute
1498 1074 1855 1145 ingredimini.

294 1175 412 1219 Non.
448 1163 517 1232 16,
543 1179 599 1219 28
634 1175 994 1218 ‘succussare
1027 1177 1099 1218 est
1131 1189 1288 1218 susum
1316 1174 1582 1230 frequenter
1606 1176 1854 1220 excutere?

293 1277 351 1307 ne
383 1264 555 1308 anius
585 1277 670 1307 nec
703 1281 737 1307 ω
767 1263 843 1307 1101
875 1278 908 1308 x
999 1265 1213 1307 succuset
1242 1263 1309 1306 121

940 1402 1082 1450 XXII

251 1474 555 1526 dracontem

295 1573 530 1619 Charisius
554 1589 598 1630 p.
626 1578 708 1617 101
734 1574 784 1618 P.
820 1574 1173 1617 ‘dracontem
1195 1572 1362 1616 Accius
1386 1572 1436 1616 in
1458 1572 1701 1628 Filocteta,
1726 1574 1853 1629 quod

102 1663 118 1677 .
174 1634 338 1690 utique
375 1632 507 1677 uenit
546 1647 575 1676 a
603 1632 895 1677 nominatiuo
926 1632 1003 1676 hic
1035 1632 1240 1676 dracon.’
1305 1631 1369 1676 Cf.
1403 1631 1622 1689 Aeschyli
1653 1632 1850 1676 Philoct.

174 1693 228 1738 fr.
256 1698 340 1737 252
365 1692 444 1736 N'.
479 1693 533 1737 οὐ
565 1691 653 1749 γὰρ
686 1691 873 1749 δράκων
905 1693 1078 1748 ἀνῆκεν
1109 1701 1213 1737 κρτ.
1239 1695 1274 1736 λ.

291 1780 437 1825 Inseri
475 1780 524 1824 in
558 1781 753 1824 eandem
783 1780 994 1825 fabulam
1022 1782 1219 1837 possunt
1247 1779 1336 1823 inc.
1368 1779 1462 1823 fab.
1495 1780 1613 1824 XXI.
1645 1780 1851 1838 XXVHI,

174 1840 263 1885 inc.
295 1840 384 1885 1110.
416 1840 510 1884 fab.
544 1839 748 1884 XXXIV.
781 1840 952 1884 XXXV
983 1841 1031 1883 et
1059 1841 1168 1896 post
1197 1854 1239 1883 v.
1273 1844 1358 1883 528
1389 1838 1615 1883 XXXVII.

848 1979 1176 2027 PHINIDAE

998 2083 1023 2129 I

246 2167 362 2219 Hac
399 2167 493 2219 libi
533 2185 696 2220 curuo
736 2167 893 2219 lit6re
931 2167 1127 2218 latratu

83 2270 170 2310 570
244 2255 402 2308 Vnda
441 2256 539 2308 sub
579 2256 735 2309 undis
772 2255 1004 2307 lablinda
1041 2254 1184 2307 sonit

289 2357 407 2400 Non.
434 2361 533 2412 504,
560 2361 613 2400 31
650 2356 830 2400 ‘sonit
859 2370 941 2412 pro
975 2357 1111 2399 sonat
1178 2354 1344 2398 Accius
1372 2355 1604 2399 Aeneadis
1631 2392 1638 2398 .
1660 2392 1667 2398 .
1690 2392 1696 2398 .
1723 2354 1847 2397 idem

170 2414 348 2459 Finidis
375 2453 383 2459 .
405 2453 412 2460 .
433 2416 460 2460 .’

291 2509 313 2546 1
347 2504 435 2547 hac
468 2503 718 2548 Scriverius
750 2517 803 2547 ac
836 2520 869 2547 ω
960 2502 1138 2546 latrans
1171 2502 1371 2561 Scaliyer

979 2628 1031 2675 II

247 2710 418 2764 Simul
457 2714 510 2764 et
548 2713 748 2764 circum
785 2713 979 2782 magna
1017 2710 1328 2763 sonantibus

242 2798 437 2861 Excita
474 2801 615 2852 saxis
653 2799 937 2852 suaussona
975 2799 1105 2851 echo

321 2886 536 2955 Crepitui
577 2887 852 2957 clangente
891 2886 1183 2939 cachinnat.
1217 2889 1228 2901 ’
