1980 3146
151 125 222 177 58
840 124 890 178 Q.
923 124 1148 170 ENNIVS

267 258 385 302 Non.
413 262 510 313 176,
535 262 562 300 2
597 256 930 314 ‘sospitent,
963 257 1180 302 saluent.'
1229 256 1359 301 Idem
1391 262 1489 315 170,
1516 263 1571 302 14
1605 259 1827 316 ‘super-

150 317 380 375 stitent,
413 316 629 360 saluent.’
687 316 1038 373 (Menalippa
1067 316 1204 374 Wwp.
1232 319 1333 374 176)

269 404 291 442 1
325 400 378 442 ut
408 411 491 442 om.
516 413 553 440 ω
575 411 628 454 p.
654 401 738 441 176
801 397 1014 444 Fortasse
1039 411 1134 445 uno
1154 412 1287 444 versa
1307 399 1591 455 regnumque
1614 401 1825 443 nostrum

150 457 378 514 sospitent
410 455 716 513 superstitent
950 522 1023 571 IV

148 599 371 652 Lumine
410 600 486 652 sic
523 599 753 653 tremulo
793 603 936 653 terra
974 603 1028 653 et
1065 618 1196 653 caua
1234 600 1443 653 caerula
1482 601 1720 654 candent

263 699 529 745 Macrobius
554 700 650 746 Sat.
674 700 741 745 VI
763 706 805 758 4,
833 706 856 746 7
892 700 1127 758 ‘splendet
1156 701 1356 746 tremulo
1388 701 1474 745 sub
1506 701 1680 746 lumine
1710 717 1827 760 pon-

147 762 244 805 tus:
283 759 586 804 tremulum
620 738 807 804 111111611
839 761 897 805 de
926 760 1133 864 imagine
1163 760 1232 805 rei
1262 759 1408 817 ipsius
1441 774 1709 818 expressum
1739 764 1824 807 est.

148 819 239 863 Sed
268 819 395 876 prior
424 818 602 863 Ennius
633 819 684 863 in
713 819 1075 877 Melanippe.
1140 820 1168 864 .'

264 913 536 965 anapaestos
567 909 802 954 dimetitur
829 922 885 953 x.-
916 909 973 964 cf.
1006 909 1158 954 coroll.
1190 908 1317 952 XXX

965 1018 1012 1064 V

149 1136 381 1148 ......
422 1113 542 1148 611111
580 1114 769 1148 saxum
808 1093 1089 1148 sciciderit.

262 1188 526 1232 Priscianus
558 1204 602 1245 p.
628 1193 716 1233 890
738 1189 788 1233 Ρ.
839 1189 1086 1246 ο36111110,
1120 1188 1251 1234 scidi.
1314 1189 1635 1234 Vetustissimi
1665 1192 1825 1234 tamen

144 1248 289 1292 etiam
343 1247 550 1292 scicidi
602 1247 948 1305 proferebant
1014 1248 1231 1293 ‚Ennius
1278 1248 1328 1292 in
1372 1248 1665 1306 Melanippa·
1720 1263 1825 1293 cum

1115 1310 1159 1342 in
1182 1318 1202 1342 θ

145 1367 179 1396 s.
213 1352 267 1396 s.’
332 1352 406 1409 (in
445 1351 774 1409 melanippa
805 1366 893 1398 om.
927 1352 1066 1410 Sang.
1128 1351 1449 1409 imlanippa
1479 1352 1593 1410 Reg.
1626 1352 1683 1395 in
1713 1365 1825 1396 1116-

143 1411 264 1455 nali
272 1426 381 1468 ppa
426 1411 587 1455 Bamb.
635 1411 770 1455 Bern.
818 1411 875 1454 in
920 1411 1218 1468 menelapa
1260 1411 1450 1456 Carolir.
1498 1411 1555 1454 in
1599 1411 1822 1468 melapa

144 1470 293 1527 Grut.)
354 1470 533 1515 Gellius
557 1471 622 1515 VI
645 1470 766 1528 (VII)
792 1475 914 1527 9,16
950 1472 1211 1528 ‘praeterea
1241 1470 1402 1515 inueni
1433 1485 1462 1514 a
1491 1470 1635 1515 uerbo
1661 1470 1822 1515 scindo

145 1529 286 1573 simili
324 1529 507 1574 ratione
544 1543 639 1574 non
678 1529 882 1574 sciderat
920 1530 1004 1574 sed
1042 1529 1355 1574 sciciderat
1387 1529 1564 1574 dictum
1595 1543 1708 1574 esse.
1771 1530 1821 1575 L.

141 1588 344 1634 Accius.
410 1588 620 1634 ,Ennius
660 1602 844 1645 quoque
880 1589 950 1648 [in
979 1589 1272 1647 Melanippa·
1313 1602 1419 1633 cum
1449 1604 1485 1634 s,
1517 1589 1573 1648 s.]
1604 1588 1821 1633 Valerius

142 1648 326 1692 Antias’
362 1626 398 1692 6.
433 1662 475 1703 q.
511 1663 544 1692 s.
608 1647 854 1705 Supplevit
883 1649 975 1694 Iac
1009 1648 1283 1694 Gronovius.

261 1729 522 1774 scisciderit
552 1730 662 1788 Rey.
943 1796 1016 1844 VI

254 1871 456 1925 Gellius
494 1871 546 1925 V
588 1873 653 1925 11
708 1872 874 1925 einter
920 1873 1062 1925 enim
1107 1871 1522 1942 pulcherrimam
1567 1872 1821 1925 feminam

143 1963 196 2012 et
235 1960 677 2014 deformissimam
714 1961 889 2014 media
922 1961 1096 2014 forma
1128 1961 1386 2030 quaedam
1418 1964 1498 2013 est
1530 2004 1541 2014 .
1567 2004 1578 2014 .
1604 2004 1615 2013 .
1649 1961 1822 2030 qualis

142 2067 173 2100 a
205 2047 263 2112 Q.
286 2049 464 2103 Ennio
498 2050 583 2102 ‘in
614 2049 978 2120 Melanippa
1008 2067 1266 2120 perquam
1298 2050 1528 2121 eleganti
1558 2048 1820 2102 uocabulo

142 2140 310 2189 stata
365 2138 560 2190 dicitur
601 2181 611 2191 .
644 2181 655 2191 .
689 2181 700 2190 .
739 2137 949 2191 Ennius
1003 2141 1182 2191 autem
1235 2138 1291 2190 in
1345 2137 1448 2190 ista
1501 2155 1662 2206 quam
1709 2137 1823 2189 dixi

143 2226 415 2296 tragoedia
476 2245 578 2279 eas
630 2227 762 2279 fere
816 2227 1083 2279 feminas
1137 2227 1227 2278 ait
1279 2226 1585 2279 incolumi
1638 2225 1821 2295 pudi-

143 2314 298 2366 citia
337 2333 495 2385 esse,
536 2333 692 2384 quae
731 2318 902 2367 stata
940 2315 1143 2367 forma
1179 2314 1427 2367 forent?

143 2465 179 2508 Ί
266 2407 390 2508 {hae
426 2409 626 2454 nmneris
662 2409 728 2454 sic
765 2409 985 2454 conclusit
1022 2409 1146 2453 Bae:
1185 2407 1284 2451 uidi
1323 2421 1401 2451 eas
1439 2407 1582 2451 ferme
1621 2406 1817 2450 feminas

180 2479 266 2509 nco
288 2480 384 2508 unu
414 2481 448 2511 e.
481 2482 520 2524 q.
551 2481 587 2512 s.

259 2547 554 2604 Melanippae
593 2561 693 2592 esse
733 2547 996 2605 suspicatus
1029 2562 1131 2591 sum
1162 2547 1306 2591 etiam
1335 2547 1424 2592 inc.
1457 2561 1577 2592 nom.
1611 2546 1815 2590 XXXIV.

859 2672 1097 2720 NEMEA

963 2760 989 2807 I

141 2833 344 2887 Teneor
381 2836 644 2906 consipta,
681 2834 916 2905 undique
954 2853 1134 2888 uenor.

256 2928 374 2972 Non.
401 2933 506 2983 183,
534 2934 589 2972 14
623 2929 840 2986 τ1161101,
872 2927 1220 2972 61161111111611101.
1282 2926 1458 2970 Ennius
1490 2927 1696 2972 Nemea
1723 2964 1733 2973 .
1754 2965 1762 2972 .
1783 2928 1813 2972 .'
