1980 3146
750 132 811 176 M.
844 132 1148 178 PACVVIVS
1683 134 1712 186 1
1721 134 1748 186 1
1759 135 1787 187 1

882 273 1007 322 VIII

110 413 299 424 .....
337 371 490 442 regni
532 372 690 424 alieni
728 372 990 441 elipiditas
1792 400 1877 440 170

106 457 348 512 Pellexit.
1716 489 1720 492 ’

226 558 374 604 Varro
415 561 472 604 de
511 561 540 605 1
581 562 610 605 1.
642 561 707 606 VI
739 561 877 606 94M.
947 561 1239 617 ‘pellexit‚
1286 562 1411 617 quod
1449 561 1499 605 in
1537 562 1788 607 Hermiona

110 620 194 675 est,
228 632 332 662 cum
364 618 431 663 ait
465 619 699 664 Pacuius.

909 701 981 748 IX

110 784 298 854 (Tuo)
336 784 435 837 sfib
474 785 670 838 iudicio
711 803 845 854 quae
885 786 1068 838 omnes
1106 786 1378 838 tessinen'm
1416 786 1609 856 grados

226 884 344 930 Non.
380 890 480 942 178,
506 891 561 930 14
596 885 891 930 ‘tetinerit
919 900 1005 943 pro
1037 886 1241 931 tenuerit
1267 923 1274 931 .
1296 924 1304 931 .
1325 924 1334 931 .
1356 887 1382 931 .’

224 976 306 1019 tuo
336 973 510 1019 iudicio
535 975 718 1020 Vossius
806 974 1043 1019 tetinerim
1073 975 1246 1032 gradus
1271 976 1454 1021 Vossius
1484 976 1654 1033 grados
1677 975 1785 1020 teti-

105 1032 254 1077 nerim
291 1051 326 1077 ω
373 1033 538 1078 Graios
576 1033 815 1078 tetinerim
852 1035 1088 1080 Mercerus
1124 1035 1321 1093 (diversa
1365 1036 1523 1081 docent
1558 1035 1786 1080 Luchsius

105 1107 176 1149 qu.
209 1099 331 1138 metr.
366 1097 422 1136 14
453 1099 494 1139 et
524 1093 821 1152 Bruymanus
852 1095 879 1138 l.
914 1095 941 1138 l.
967 1108 1016 1150 p.
1052 1095 1124 1151 19)

919 1218 965 1265 Χ

103 1300 159 1356 N
160 1320 246 1354 am
285 1302 430 1355 solus
466 1302 667 1355 Danais
704 1302 793 1355 hio
833 1303 1050 1356 domum
1087 1304 1310 1356 itionem
1350 1302 1509 1356 dedit.

222 1403 340 1447 Non.
375 1407 445 1460 96,
473 1409 495 1447 1
533 1403 996 1448 ‘domuitionem’

112 1551 157 1597 V
221 1492 397 1536 Danais
436 1493 610 1538 anius
645 1493 835 1549 Danaps
867 1510 902 1536 ω
1023 1492 1341 1537 domutionem
1370 1511 1406 1537 ω
1446 1493 1781 1538 domuitionem

150 1565 294 1596 ossms

102 1700 208 1753 Par
244 1701 529 1771 fortitudO,
568 1702 780 1772 gemina
819 1703 1139 1755 confidentia

170 1856 174 1859 Ι
218 1801 336 1846 Non.
371 1806 470 1858 316,
499 1807 552 1846 18
588 1784 892 1859 ‘gemin-um
922 1818 1104 1847 rursum
1135 1803 1317 1848 simile.’

892 1929 989 1976 XII

103 2010 386 2064 Lamentas
425 2012 582 2065 fletus
619 2012 790 2065 faeere
829 2013 1096 2082 conpendi
1128 2013 1266 2066 lieet.
1779 2035 1863 2076 175

217 2113 334 2157 Non.
371 2118 470 2169 132,
495 2117 550 2156 29
586 2112 892 2157 ‘lamentas
922 2128 1006 2170 pro
1037 2114 1430 2159 lamentationes?

878 2238 1001 2286 XIII

102 2319 407 2373 Obn6xium
447 2340 560 2374 esse
599 2325 691 2374 aut
728 2322 946 2391 bustum
986 2325 1079 2375 aut
1117 2323 1383 2394 elinguem
1421 2326 1590 2392 pusses,

168 2400 172 2404 ¹
216 2421 335 2465 Non.
372 2425 438 2478 77,
466 2427 521 2465 33
557 2422 806 2466 ‘brutum
838 2422 1009 2467 dicitur
1038 2423 1181 2468 hebes
1213 2426 1260 2468 et
1291 2425 1536 2468 obtusum.
1558 2461 1565 2469 .
1587 2425 1614 2468 .’

218 2513 265 2554 et
312 2510 563 2554 obnoxium
607 2521 644 2567 ψ
700 2513 748 2554 et
793 2510 1016 2554 obnixum
1063 2513 1216 2558 Vrbin.
1292 2513 1372 2557 An
1417 2526 1475 2556 ne
1523 2512 1773 2558 obnoxium

98 2569 412 2614 scribendum?

876 2636 994 2683 XIV

98 2716 161 2770 'O
200 2719 483 2772 flexanima
521 2724 679 2791 atque
720 2720 957 2772 omnium
997 2720 1182 2792 regina
1218 2739 1395 2774 rerum
1436 2721 1627 2774 oraizio!

216 2819 333 2863 Non.
378 2825 483 2877 113,
516 2826 571 2864 32
630 2821 977 2866 ‘flexanima
1051 2821 1208 2866 Cicero
1256 2822 1313 2866 de
1361 2824 1542 2866 orassore
1587 2822 1668 2866 lib.
1706 2822 1771 2868 II:

100 2879 283 2922 tantam
327 2878 424 2922 uim
468 2857 614 2924 Ixabet
654 2880 759 2936 illa,
808 2894 927 2936 quae
965 2883 1090 2924 reete
1130 2894 1158 2924 a
1195 2881 1318 2924 bono
1355 2883 1497 2938 poeta
1536 2880 1663 2925 dieta
1700 2886 1773 2927 est

99 2935 436 2981 flexanima’
487 2952 524 2983 e.
558 2953 601 2994 q
635 2954 668 2984 s.
742 2938 997 2984 ‘Pacuuius
1052 2939 1335 2984 Hermiona
1365 2941 1429 2985 .,.’
1502 2940 1658 2986 Cicero
1714 2943 1770 2986 de
