1980 3146
777 112 826 156 L.
858 111 1068 156 ACCIVS
1660 109 1765 162 173

77 249 186 291 olim
216 247 499 292 senariorum
618 259 676 290 ne
716 244 874 301 quiete
906 263 941 289 ω
979 259 1065 289 nee
1097 244 1179 300 qui
1210 246 1257 288 te
1287 245 1462 289 Junius
1497 256 1648 299 neque
1681 243 1765 299 qui

77 309 131 408 ig
151 307 309 422 {gelet
340 304 504 408 tiunueni
526 306 585 349 H
665 304 846 348 hortari
867 304 999 362 piget
1023 304 1275 350 Seriverius
1356 303 1407 346 id
1428 302 1562 360 piget
1584 303 1764 348 Aldina

899 430 946 476 V

79 514 343 567 Muliebre
382 515 680 586 ingenium,
718 513 1048 584 prolubium,
1089 513 1295 566 occasio
1331 555 1341 565 .
1368 555 1378 565 .
1405 555 1414 564 .
1442 555 1453 564 .
1768 499 1852 539 105

197 616 316 660 Non.
343 620 413 671 64,
439 620 465 659 8
501 614 850 672 ‘proluuium
875 650 883 658 .
905 649 914 658 .
935 614 963 659 .’
1768 574 1852 614 106

200 703 469 761 prolubium
500 705 692 761 Lipsius
721 701 989 759 proluuium
1020 719 1055 745 ω

880 827 952 874 VI

700 930 931 980 namque
969 914 1031 964 ut
1071 911 1243 963 dicam
1282 912 1335 963 te
1374 914 1521 963 me‘cu

80 1000 193 1054 Aut
231 1001 493 1072 segnitate
533 1000 782 1053 adiuuere
822 999 1088 1069 dubiisare,
1125 1000 1258 1052 haut
1296 1019 1475 1053 meum
1515 1003 1608 1053 est.

199 1103 317 1147 Non.
353 1107 458 1159 174,
485 1107 539 1146 22
590 1100 874 1159 ‘segnitas
917 1115 1001 1158 pro
1042 1100 1258 1158 segnitia.
1321 1101 1490 1145 Accius
1529 1100 1764 1145 Aeneadis

86 1198 94 1207 .
116 1198 123 1206 .
146 1199 153 1205 .
180 1161 305 1206 idem
335 1161 633 1206 Andromeda
659 1196 668 1205 .
691 1197 699 1205 .
720 1161 748 1206 .’

201 1256 222 1294 1
263 1264 464 1306 namque
510 1252 564 1293 ut
608 1251 656 1293 'ce
701 1251 829 1292 metu
867 1250 963 1293 Aut
1002 1248 1235 1306 segnitate
1275 1249 1430 1293 dicam
1462 1250 1647 1295 Vossius

80 1315 107 1353 2
157 1309 377 1353 adiuuere
432 1308 649 1352 dubitare
695 1310 858 1365 scripsi
903 1310 986 1352 aut
1033 1308 1250 1352 dubitare
1298 1310 1363 1353 W
1401 1308 1681 1352 addubitare
1728 1325 1764 1365 φ

80 1368 211 1413 adire
257 1370 326 1413 vel
370 1369 558 1412 tardum
604 1367 819 1411 dubitare
858 1368 961 1411 Bue
1008 1367 1264 1412 adductum
1302 1368 1345 1412 d.
1391 1369 1562 1413 Om'ons
1682 1370 1766 1411 aut

81 1442 236 1471 meum
269 1428 372 1472 HL
401 1428 530 1472 haud
560 1441 715 1471 meum
747 1444 782 1482 φ

874 1507 972 1554 VII

81 1592 243 1645 Multi
281 1593 482 1662 iniquo,
520 1592 726 1662 mulier,
766 1592 943 1644 animo
975 1591 1081 1644 sssoi
1112 1592 1252 1644 mala
1283 1610 1476 1645 auxere
1507 1591 1565 1644 sn
1594 1592 1764 1661 maliS,

82 1681 290 1744 Quibus
313 1684 505 1733 nabura
526 1681 694 1750 praua
716 1680 888 1751 magis
912 1698 1073 1749 quam
1089 1680 1200 1733 f6rs
1217 1683 1310 1733 aut
1325 1681 1541 1733 fortuna
1558 1679 1748 1733 6bfuit..
1768 1696 1852 1735 110

200 1782 319 1826 Non.
346 1786 446 1837 425,
474 1786 525 1825 11
563 1780 704 1824 ‘fors
733 1782 788 1824 et
810 1780 1043 1825 forssuna
1067 1781 1155 1824 hoc
1180 1780 1380 1826 distant:
1413 1781 1508 1825 fors
1534 1783 1605 1825 est
1629 1795 1763 1825 casus

80 1840 382 1944 ῗῇξὲξὲίἓέ
408 1840 598 1920 for’tuna
629 1840 718 1884 dea
750 1842 823 1884 est
852 1839 968 1896 ipsa.
1030 1839 1200 1884 Accius
1231 1841 1545 1898 Astyanacte.
1574 1876 1612 1885 ..
1638 1839 1765 1884 idem

101 2048 132 2091 h
204 1995 226 2031 1
260 1987 422 2092 iniffo
468 1988 641 2032 Junius
685 1987 734 2030 in
781 2001 872 2043 quo
912 2005 946 2031 ω
1068 2001 1236 2031 auxere
1287 1988 1556 2033 Gulielmius
1602 2002 1763 2032 ausere

84 2051 99 2103 (
135 2061 297 2091 ausere
388 2050 404 2103 )
437 2065 471 2090 ω

85 2197 283 2250 Misera
322 2196 534 2250 obualla
573 2197 700 2249 saxo
740 2199 914 2268 sento,
950 2197 1178 2266 paedore
1218 2197 1448 2267 aiguque
1487 2198 1540 2248 et
1578 2197 1717 2249 fame

155 2362 160 2366 .
202 2298 320 2342 Non.
349 2303 418 2355 72,
446 2301 470 2340 7
506 2296 665 2354 ‘algu
695 2311 779 2354 pro
811 2297 1004 2354 algore.’

203 2385 369 2430 misere
408 2387 604 2431 Bothius
730 2385 974 2429 obuallaiza
1004 2387 1166 2432 Delrio
1205 2385 1419 2430 obuallas
1452 2386 1648 2430 Bothius

82 2445 216 2489 senio
248 2463 298 2501 ω,
324 2447 453 2501 prob.
487 2446 590 2489 Rue
679 2444 855 2501 pudore
888 2445 954 2490 W

887 2570 959 2617 IX

85 2652 193 2715 Qui
235 2672 405 2723 neque
452 2656 676 2706 terraest
722 2653 898 2722 datuS,
942 2672 1039 2707 nee
1085 2655 1276 2706 cineris
1316 2657 1472 2706 caiisa
1509 2672 1763 2722 umquam
1795 2705 1800 2708 .

1147 2745 1317 2795 euasit
1355 2761 1536 2811 napos,

203 2842 322 2887 Non.
347 2847 448 2899 487,
474 2848 529 2888 10
564 2845 766 2900 ‘uapor
796 2845 851 2887 61,
881 2858 1055 2900 uapos

205 2932 404 2974 terraest
434 2932 511 2976 Ba
541 2933 693 2975 terrae
725 2933 797 2976 est
827 2949 862 2989 φ
