2020 3140
428 129 511 173 EX
540 128 819 174 INCERTIS
851 128 1252 174 INCERTORVM
1280 102 1534 174 FABVLIS
1715 131 1819 184 311

897 269 1078 318 CXXH

759 354 1015 407 insulatas
1052 355 1257 407 hostias
1827 377 1913 416 220

141 443 266 497 Non
303 443 446 513 leina,
483 442 576 495 sed
612 442 816 495 uelfitas
852 443 1131 496 frondenti
1163 461 1315 496 coma

260 543 435 589 CXXH.
462 542 648 588 CXXIII
669 542 818 594 Varro
844 544 901 587 de
925 544 955 588 1.
979 543 1010 588 1.
1034 543 1122 588 VH
1144 549 1203 587 24
1235 543 1544 589 ‘infulatas
1576 544 1822 602 hostias,

146 604 267 659 quod
309 603 577 648 uelamenta
613 602 688 646 his
729 616 753 646 e
792 602 904 646 lana
941 617 1062 658 quae
1101 603 1359 661 adduntur,
1406 603 1599 650 infulae.
1660 604 1822 661 itaque

144 665 243 706 tum
294 663 442 718 quod
487 662 555 706 ad
602 662 923 719 sepulcrum
967 662 1164 707 ferunt
1208 662 1465 707 frondem
1510 677 1572 707 ac
1617 663 1822 721 flores,

145 721 350 767 addidit:
388 736 497 765 non
535 721 693 765 lana’
727 735 765 766 e.
799 737 842 777 q.
877 736 911 765 s,
979 722 1230 781 ‘[CXXHI]
1270 721 1424 766 dicere
1463 725 1660 779 apparet
1701 737 1824 768 cor-

143 783 371 825 nuatam
410 796 440 825 a
470 780 700 826 cornibus.
764 795 938 825 cornua
970 796 998 825 a
1029 795 1223 825 curuore
1255 780 1405 838 dicta,
1443 781 1569 837 quod
1598 781 1824 838 pleraque

144 841 317 884 curua.'
372 841 427 884 In
455 839 509 884 fr.
543 839 705 884 CXXII
736 839 947 884 Orestem
976 839 1202 897 intellego
1233 839 1315 896 qui
1343 839 1492 897 patris
1529 842 1825 897 sepulchrum

143 899 238 943 suis
269 898 495 943 cincinnis
527 899 732 944 ornavit:
766 899 822 943 cf.
853 899 991 956 Soph.
1016 899 1186 944 Electr.
1212 903 1300 943 894
1317 914 1416 955 sqq.
1463 899 1613 943 Versu
1637 900 1826 945 CXXIII

146 958 195 1003 Ο.
221 958 444 1003 Muellero
474 957 725 1002 videbatur
749 958 953 1002 Graecus
984 958 1061 1002 hic
1090 958 1302 1002 redditus
1331 972 1453 1003 esse:
1477 956 1625 1011 Ἄθως
1648 959 1825 1013 σκιάζει

142 1025 267 1062 νῶτα
287 1015 498 1076 Λημνίας
529 1017 637 1077 βοός
660 1017 812 1075 (Greg.
840 1017 972 1075 Cypr.
998 1018 1019 1061 I
1045 1022 1098 1062 73
1129 1018 1343 1063 Leutsch.
1377 1017 1435 1062 cf.
1460 1017 1551 1063 vol.
1576 1019 1620 1063 H
1640 1035 1684 1076 p.
1706 1021 1823 1077 100).

262 1111 285 1149 1
301 1121 363 1164 sq.
409 1108 475 1151 sic
512 1109 730 1152 constitui
765 1108 915 1152 coroll.
948 1121 1055 1152 com.
1089 1105 1293 1164 CXXXI,
1334 1100 1556 1164 agrestis,
1595 1106 1822 1151 insulatas

141 1164 333 1222 hostias,
364 1166 471 1210 Non
500 1166 650 1223 lanas,
683 1166 766 1210 sed
795 1181 838 1210 u.
864 1165 1125 1210 frondentis
1150 1180 1306 1210 comas
1332 1167 1558 1225 Berykius
1647 1171 1673 1210 2
1697 1165 1823 1210 fron-

143 1223 298 1268 dentis
332 1238 486 1269 comas
518 1243 553 1268 ω

879 1290 1085 1339 CXXIII

139 1373 347 1443 <At6s>
383 1375 441 1427 in
479 1375 789 1427 commitam
828 1378 1043 1427 taurum
1081 1374 1328 1427 umbrae'im
1366 1375 1508 1428 iacit.

258 1475 308 1518 in
339 1478 612 1519 cornuatam
642 1477 830 1519 tauram
863 1477 912 1521 Ο.
946 1477 1201 1521 Muellerus
1230 1490 1403 1521 cornua
1433 1478 1621 1520 taurum
1651 1487 1690 1534 ψ
1723 1491 1822 1522 cor-

142 1548 238 1577 nua
269 1537 511 1579 taurorum
542 1536 652 1580 Par.
678 1551 708 1580 a
797 1535 891 1579 iaci
923 1553 958 1579 ω

878 1660 1081 1709 CXXIV

140 1743 297 1797 Diem
335 1744 477 1796 hunc
516 1745 763 1798 decorare
799 1745 998 1798 festum
1034 1744 1378 1798 festinissime

259 1844 494 1888 Charisius
518 1860 562 1902 p.
590 1849 675 1889 180
698 1845 747 1890 P.
791 1845 1211 1890 ‘festinissime
1237 1860 1266 1892 *
1290 1845 1462 1890 diem’
1489 1860 1527 1891 e.
1553 1861 1596 1902 q.
1623 1861 1657 1891 S.
1693 1847 1822 1891 ‘nam

139 1906 188 1948 et
224 1903 415 1948 nomina
452 1903 688 1948 interdum
727 1904 966 1962 accidunt,
1006 1919 1126 1961 quae
1164 1919 1250 1949 nec
1282 1905 1551 1949 absolutum
1582 1918 1666 1950 nec
1698 1919 1822 1950 com-

136 1963 420 2020 paratiuum‚
452 1964 534 2008 sed
564 1965 752 2008 tantum
783 1963 1125 2021 superlatiuum
1153 1964 1342 2009 ferunt.'

895 2104 1071 2153 CXXV

213 2231 223 2240 .
300 2189 468 2240 ferme
507 2188 727 2241 aderant
766 2190 994 2257 aequore
1033 2189 1089 2241 in
1129 2189 1238 2241 alto

299 2275 528 2329 Ratibus
565 2277 877 2346 repentibus
938 2319 949 2330 .
1013 2320 1023 2329 .
1822 2297 1909 2336 ‘325

255 2376 404 2420 Varro
443 2376 502 2420 de
532 2376 562 2421 l.
595 2375 625 2420 1.
658 2376 744 2420 VH
774 2381 830 2420 23
877 2377 1050 2421 ‘Pacui
1088 2377 1196 2435 [inc.
1237 2377 1331 2422 fab.
1364 2377 1593 2438 XLVIII];
1644 2379 1820 2424 dictum

138 2435 310 2479 fretum
350 2435 409 2479 ab
449 2434 758 2479 similitudine
796 2435 1021 2479 feruentis
1054 2450 1204 2492 aquae
1229 2471 1239 2480 .
1268 2474 1276 2482 .
1306 2473 1313 2480 .
1338 2437 1511 2482 ferme
1550 2438 1816 2483 aderant’
1898 2471 1901 2474 Δ

139 2508 177 2540 e.
204 2509 246 2550 q.
274 2509 307 2538 s.
358 2495 594 2549 ‘aequor
624 2508 752 2538 mare
783 2494 1087 2551 appellatum,
1118 2496 1245 2551 quod
1276 2498 1531 2552 aequatum
1561 2511 1667 2540 cum
1697 2512 1820 2542 com-

138 2557 318 2597 motum
348 2555 490 2597 uento
521 2567 615 2596 non
647 2555 731 2597 est.
783 2553 945 2597 Ratis
976 2553 1112 2597 nauis
1143 2554 1310 2612 longas
1341 2554 1476 2611 dixit,
1507 2557 1562 2599 ut
1590 2556 1816 2602 Naeuius'

139 2626 177 2657 e.
210 2628 253 2668 q.
288 2627 320 2656 S.

259 2706 281 2744 1
314 2700 411 2744 iam
441 2700 614 2745 ferme?
710 2705 735 2743 2
768 2701 1056 2746 Paroemiaci
1083 2703 1394 2759 supplementa
1424 2702 1552 2746 uecti
1581 2705 1650 2748 vel
1679 2703 1820 2748 lentis

133 2762 351 2816 proponit
382 2760 484 2804 Bue
575 2760 905 2804 Heoeametrwm
933 2762 1211 2818 dactylicum
1240 2761 1385 2805 ferme
1415 2761 1614 2806 aderant
1638 2762 1820 2807 ratibus

138 2818 408 2874 repentibus
457 2832 658 2874 aequore
703 2818 753 2861 in
799 2818 898 2863 alto
944 2826 1126 2865 auctore
1161 2821 1360 2878 Ilberyio
1391 2820 1546 2865 Ennii
1573 2823 1822 2868 annalibus

139 2879 199 2933 (v.
233 2880 338 2934 602)
377 2879 571 2922 inseruit
610 2879 858 2933 Vahlenus,
895 2879 1000 2934 fort.
1039 2886 1176 2924 recte:
1222 2894 1332 2924 nam
1367 2881 1631 2925 narrationi
1667 2883 1821 2927 mimas

139 2937 294 2981 idonei
321 2938 534 2981 videntur
562 2938 805 2994 anapaesti
