1980 3146
794 75 845 129 Q.
877 75 1102 120 ENNIVS
1720 77 1793 129 49

725 245 962 294 MEDEA
1000 245 1176 293 EXVL

938 349 964 397 I

848 432 1051 487 Nutrix

113 521 334 574 Vtinam
372 540 439 574 ne
478 522 535 575 in
572 539 788 575 nemore
825 521 974 574 Pelio
1014 520 1286 574 securibus
1792 534 1879 574 205

117 609 280 663 Caesa
318 610 604 663 accedisset
641 610 870 681 abiegna
908 610 975 662 ad
1012 611 1211 662 terram
1249 609 1451 679 trabeS,

111 698 263 752 Neue
302 698 426 751 inde
463 699 616 751 nauis
653 697 939 751 incohandi
979 698 1256 751 ex6rdium

115 786 410 858 Coepssset‚
450 806 584 857 quae
620 805 763 840 nunc
799 787 1109 840 nominatur
1145 787 1362 840 nomine

111 875 285 947 Argo,
324 877 450 946 quia
486 874 681 948 Argiui
719 876 777 928 111
816 894 876 928 ea
915 875 1110 928 delecti
1143 876 1250 928 uiri
1768 892 1788 923 5

110 965 274 1018 Vecti'
305 964 560 1034 petebant
596 965 792 1034 pellem
830 965 1129 1017 inauratam
1167 965 1349 1017 arietis
1790 978 1877 1017 210

114 1052 348 1123 Colchis,
386 1053 610 1122 imperio
650 1052 791 1124 regis
828 1051 1028 1123 Peliae,
1066 1054 1162 1122 per
1201 1053 1396 1106 dolum.

109 1141 251 1196 Nam
295 1144 588 1211 numquam
634 1160 724 1194 era
766 1160 946 1194 errans
983 1143 1102 1194 mea
1141 1142 1298 1195 domo
1338 1141 1562 1194 ecferret
1599 1140 1787 1210 pedem

111 1230 320 1300 Medea,
358 1231 536 1283 animo
577 1249 756 1301 aegra,
795 1231 974 1282 amore
1013 1248 1172 1283 saeuo
1211 1232 1403 1284 salicia.

227 1346 394 1390 Mamm
425 1346 550 1390 Exn
590 1360 647 1390 ex
674 1345 912 1403 Euripidis
943 1346 1110 1390 Medea
1149 1360 1386 1403 expressa:
1427 1346 1586 1391 Cicero
1618 1347 1675 1390 de
1707 1346 1784 1393 fin.

108 1405 129 1449 I
153 1410 194 1463 2,
219 1411 247 1450 4
280 1406 337 1449 de
367 1405 508 1449 titulo
541 1405 598 1450 cf.
632 1405 788 1450 coroll.
814 1405 963 1449 XXIX

225 1464 360 1510 Rhet.
395 1464 455 1508 ad
477 1464 675 1509 Herenn.
700 1465 744 1507 II
767 1470 838 1520 22,
863 1469 919 1508 34
954 1464 1055 1508 (1110
1085 1463 1136 1507 id
1167 1464 1293 1519 quod
1324 1465 1580 1508 extremum
1607 1464 1785 1508 dictum

108 1526 180 1567 est
218 1523 333 1567 satis
371 1523 464 1567 fuit
501 1537 748 1580 exponere,
790 1537 849 1567 ne
887 1522 1089 1567 Ennium
1128 1525 1176 1566 et
1213 1525 1391 1567 ceteros
1428 1526 1592 1580 poetas
1631 1523 1784 1567 imite-

107 1597 230 1639 mur,
270 1582 438 1639 quibus
478 1583 566 1626 11οο
596 1583 735 1627 1110ᾶο
766 1582 897 1638 loqui
928 1596 1197 1626 concessum
1235 1584 1327 1627 est:
1369 1583 1524 1641 [1—7]
1555 1582 1677 1626 Nam
1707 1582 1784 1626 hic

109 1641 223 1685 satis
272 1644 374 1685 erat
420 1641 594 1698 dicere,
650 1641 690 1685 si
734 1641 785 1684 id
830 1642 991 1699 modo,
1043 1641 1168 1697 quod
1214 1641 1328 1685 satis
1376 1643 1520 1698 esset,
1567 1645 1784 1686 curarent

107 1703 296 1757 poetae.
327 1700 511 1744 utinam
540 1715 599 1745 ne
631 1714 710 1744 era
742 1714 898 1745 errans
929 1714 1035 1744 mea
1066 1701 1109 1745 d.
1143 1714 1180 1745 e.
1212 1701 1275 1757 p.’
1311 1700 1542 1758 (additum
1571 1700 1621 1745 in
1649 1701 1781 1745 codd

106 1759 340 1816 plerisque
370 1762 555 1816 praeter
577 1760 679 1805 Par.
705 1763 755 1804 H
781 1775 822 1805 v.
849 1764 874 1803 9
908 1774 936 1804 3
966 1759 1158 1803 librario
1188 1759 1326 1803 docto
1352 1759 1520 1803 statuit
1541 1759 1692 1817 Marx)
1717 1763 1780 1816 (a)

108 1818 267 1863 Cicero
314 1819 371 1862 de
417 1819 517 1862 fato
552 1823 626 1875 15,
653 1824 708 1863 35
758 1820 840 1863 ‘ex
878 1819 966 1862 hoc
1003 1833 1171 1876 genere
1209 1818 1329 1862 illud
1369 1821 1441 1863 est
1476 1818 1599 1862 Enni
1638 1820 1699 1878 [1.
1733 1821 1779 1878 2]

106 1877 261 1922 Licuit
290 1878 368 1922 uel
400 1877 563 1923 altius:
595 1856 778 1924 litinam
806 1892 865 1922 ne
895 1877 946 1922 in
971 1877 1102 1922 Pelio
1132 1880 1247 1922 nata
1278 1877 1376 1922 ulla
1406 1892 1628 1934 umquam
1658 1882 1781 1922 esset

106 1938 264 1982 arbor!
298 1936 442 1981 etiam
473 1951 632 1994 supra:
664 1937 846 1981 utinam
874 1951 933 1981 ne
965 1939 1088 1981 esset
1117 1951 1249 1981 mons
1281 1936 1403 1980 ullus
1434 1937 1612 1983 Pelius!
1654 1937 1780 1981 simi-

107 1996 306 2052 literque
362 1996 600 2053 superiora
646 1999 934 2053 repetentem
977 1996 1161 2053 regredi
1205 1995 1386 2040 infinite
1432 1995 1557 2041 licet.
1627 1997 1778 2040 Neue

106 2055 238 2099 inde
266 2093 273 2100 .
295 2093 302 2100 .
325 2092 333 2100 .
360 2055 660 2112 coepisset.
710 2055 937 2109 Quorsum
959 2055 1076 2099 haec
1098 2055 1383 2112 praeterita?
1430 2055 1549 2109 Quia
1573 2055 1782 2111 sequitur

105 2114 226 2158 illud
279 2115 339 2172 [8.
381 2120 406 2158 9
480 2129 574 2159 non
619 2117 673 2158 ut
718 2128 800 2158 eae
846 2128 918 2158 res
965 2129 1155 2159 causam
1200 2114 1437 2158 adferrent
1482 2114 1670 2158 amoris’
1715 2115 1780 2172 (b)

106 2174 235 2217 Idem
271 2188 355 2230 pro
432 2173 552 2218 aelio
586 2179 633 2229 8,
661 2178 715 2217 18
761 2174 877 2229 ‘quo
915 2173 1018 2217 1000
1057 2188 1247 2230 possum
1284 2173 1436 2217 dicere
1474 2173 1525 2216 id
1560 2174 1779 2229 quod

107 2232 298 2276 Crassus
418 2232 559 2290 paulo
593 2235 701 2276 ante
733 2232 872 2289 dixit,
913 2232 1133 2276 utinam
1161 2246 1227 2276 ne
1259 2231 1316 2276 in
1345 2246 1567 2277 nemore
1599 2232 1779 2289 Pelio,

106 2306 162 2335 ac
194 2291 379 2348 longius
412 2291 601 2347 quidem
631 2291 748 2334 mihi
786 2294 1028 2336 contexere
1066 2291 1155 2335 hoc
1194 2305 1378 2335 carmen
1409 2291 1582 2336 liceret.
1644 2291 1781 2335 Nam

106 2365 405 2405 numquam
466 2365 559 2395 era
613 2364 806 2395 errans
861 2351 982 2395 hanc
1033 2350 1299 2394 molestiam
1350 2349 1485 2394 nobis
1540 2350 1779 2395 exhiberet

106 2410 304 2453 Medea
336 2409 556 2454 animo.
586 2409 886 2455 ..33110133
923 2412 989 2476 (0)
1018 2408 1283 2453 Priscianus
1315 2409 1372 2452 de
1403 2409 1563 2453 metris
1595 2409 1778 2454 Terent.

106 2483 142 2512 c
177 2474 202 2512 2
235 2484 278 2524 p.
314 2473 426 2512 1325
450 2469 500 2512 P.
552 2447 660 2512 (1100
692 2469 842 2512 solum
873 2467 1038 2514 comici
1067 2467 1386 2512 huiuscemodi
1417 2471 1525 2512 sunt
1555 2468 1629 2512 usi
1658 2468 1782 2513 iam-

91 2527 198 2583 bis,
247 2528 328 2571 sed
368 2527 511 2571 etiam
548 2527 717 2585 tragici
754 2526 1081 2583 uetustissimi,
1128 2529 1181 2570 ut
1218 2526 1431 2570 Ennius
1470 2527 1519 2570 in
1557 2528 1775 2572 Medea:

129 2587 279 2644 1—8]’
315 2587 380 2644 (d)
410 2587 539 2631 Idem
562 2587 669 2631 inst.
694 2602 736 2644 p.
768 2593 792 2630 7
798 2592 850 2631 51
876 2587 925 2631 P.
962 2585 1182 2630 ‘trabes
1206 2600 1289 2642 pro
1313 2586 1443 2630 trabs
1465 2586 1776 2667 proferebant.

146 2660 282 2688 nnius
306 2645 357 2688 in
377 2646 563 2691 Medea.
589 2647 649 2704 [1.
669 2647 740 2704 2]’
768 2649 828 2702 (e)
851 2646 998 2690 Varro
1023 2646 1080 2689 de
1103 2645 1133 2689 l.
1158 2645 1188 2690 l.
1214 2645 1300 2689 VII
1323 2650 1379 2688 33
1402 2645 1464 2689 M.
1492 2645 1577 2689 (310
1601 2645 1781 2689 dictum

107 2718 134 2746 a
166 2703 460 2761 quibusdam,
492 2707 545 2748 ut
568 2720 661 2748 una
686 2719 837 2760 031103,
870 2719 963 2748 11113
993 2704 1254 2748 trabes..
1274 2703 1506 2749 .Ennius:
1539 2705 1599 2762 [1.
1626 2705 1692 2762 2]’
1719 2704 1787 2760 (f)·

107 2762 423 2814 Quintilianus
447 2741 490 2807 V
516 2769 584 2821 10,
609 2768 666 2808 84
701 2765 881 2808 0(311333
913 2778 1007 2808 11011
1038 2763 1198 2819 utique
1225 2740 1290 2806 ab
1322 2762 1489 2806 ultimo
1521 2776 1621 2806 esse
1650 2776 1780 2819 repe-

105 2821 291 2878 tendas,
335 2825 388 2866 ut
426 2823 612 2879 Medea,
659 2822 878 2866 utinam
1028 2822 1207 2877 Pelio,
1251 2821 1385 2877 quasi
1431 2835 1540 2865 uero
1583 2821 1633 2864 id
1675 2835 1781 2866 eam

106 2879 269 2924 fecerit
283 2881 500 2925 miseram
518 2885 599 2926 aut
613 2884 870 2938 nocentem,
892 2883 1017 2937 quod
1033 2881 1131 2924 illic
1157 2880 1473 2925 ceciderint
1498 2880 1777 2937 abiegnae

195 2962 324 2995 Scaen.
349 2973 449 3002 poes.
474 2965 580 2997 Rom.
604 2965 739 3005 fragm.
765 2965 820 2998 ed.
847 2965 1038 2997 Rxmmcx.
1485 2961 1512 2998 4
