1980 3146
817 109 868 164 Q.
899 110 1124 156 ENers
1720 85 1815 164 v69

140 243 477 288 Trasumenum
525 243 701 298 lacum,
750 244 831 288 sed
878 245 939 288 ad
982 243 1230 289 Seruilium
1274 243 1492 288 uidimus.
1555 243 1688 297 Quis
1734 244 1819 288 ibi

139 317 248 346 non
302 304 390 346 est
441 317 484 346 u.
542 302 573 346 f.
628 303 703 347 F.’
784 302 934 349 Schol.
994 303 1192 348 Gronov.
1247 303 1298 347 in
1351 302 1441 348 Cic.
1499 302 1528 348 l.
1584 303 1613 348 1.
1674 302 1818 348 ‘ferro

139 361 331 420 Frugio]
370 361 428 405 in
457 361 637 406 Ennio
681 362 819 406 haec
849 362 1050 407 fabula
1080 362 1377 407 inducitur
1406 361 1680 419 Achillis,
1712 377 1818 419 quo

139 423 394 477 tempore
446 423 683 478 propter
734 421 1059 466 Briseidam
1114 436 1233 466 cum
1279 420 1510 466 Graecis
1563 435 1819 479 pugnare

138 479 350 525 noluit:
383 494 490 535 quo
522 479 695 524 etiam
725 482 979 537 tempore
1002 481 1212 525 Hector
1243 481 1486 525 classem
1517 494 1708 525 eorum
1734 480 1820 524 in-

140 539 346 583 cendit.
409 539 471 582 In
517 539 621 583 hac
664 553 854 596 pugna
890 539 1090 584 Vlixes
1132 539 1474 584 uulneratus
1519 539 1821 584 inducitur

139 601 195 641 et
239 598 466 655 fugiens
514 598 582 642 ad
620 597 903 642 Achillem
949 598 1121 643 uenit.
1185 598 1314 643 Cum
1359 598 1820 656 interrogaretur

140 657 208 701 ab
247 657 444 701 Aiace’
487 656 731 713 (Achille
762 657 989 714 Bergkius
1025 657 1120 702 ind.
1154 658 1259 702 lect.
1294 658 1529 715 Marburg.
1563 661 1677 703 aest.
1706 662 1820 702 1844
1879 706 1892 717 Ἴ

138 732 181 773 p.
215 716 339 773 XII),
396 718 519 760 ‘cur
562 715 831 773 fugisset,
878 716 983 760 ille
1022 719 1084 760 ut
1122 716 1340 761 celaret
1379 717 1644 762 dedecus:
1693 716 1819 773 quis
1887 732 1895 739 ¹

140 775 286 819 enim
324 776 459 820 non’
494 775 629 832 (add.
652 775 943 832 Schuetzius)
978 776 1340 820 ‘uulneratus
1372 776 1522 820 ferro
1553 776 1816 834 Frugio‘?’

138 834 365 878 Referunt
396 835 458 878 ad
488 833 771 879 Achillem
802 834 1034 880 fabulam:
1066 834 1184 878 mihi
1213 835 1421 880 monenti
1453 835 1596 879 etiam
1626 835 1677 879 in
1706 835 1820 879 Her-

140 893 258 937 culis
303 893 440 938 lutris
486 893 602 938 haec
648 893 804 938 locum
847 894 1021 939 habere
1068 894 1277 951 potuisse
1316 894 1528 938 adsensit
1565 894 1818 939 Vahlenus.

141 953 214 1009 (cf.
255 952 362 997 hist.
403 955 522 1009 trag.
560 953 692 997 Rom.
727 955 829 1011 119)
875 952 1181 998 ‘Priamum
1226 953 1409 1011 ipsum
1448 955 1658 998 senem’
1701 967 1819 1009 quae

139 1012 281 1068 paulo
311 1014 420 1069 post
451 1012 578 1068 apud
610 1011 878 1056 Ciceronem
908 1012 1131 1070 leguntur
1162 1012 1394 1069 quomodo
1424 1012 1632 1069 potuerit
1661 1012 1820 1057 Vlixes

139 1072 190 1115 in
230 1071 395 1115 eadem
433 1070 644 1116 oratione
682 1071 886 1128 proferre
920 1086 1016 1116 non
1046 1071 1209 1127 liquet.
1273 1071 1329 1116 cf.
1360 1071 1652 1116 Fleckeiseni
1683 1072 1744 1116 ad
1774 1072 1818 1115 h.

141 1130 171 1175 1.
205 1130 312 1175 adn.
375 1130 512 1175 Gertz
546 1130 668 1175 stud.
701 1130 801 1175 crit.
834 1131 884 1174 in
915 1131 1117 1176 Senecae
1150 1131 1261 1175 dial.
1293 1147 1337 1188 p.
1364 1136 1419 1175 55
1438 1146 1504 1187 sq.

258 1249 327 1293 ibi
371 1263 467 1294 non
512 1252 584 1295 est
632 1251 787 1297 Cicero
842 1251 967 1295 enim
1010 1253 1252 1297 scholiasta
1391 1250 1564 1308 Brugio
1611 1250 1823 1295 Ennium

140 1310 749 1427 {cgriqusefflq-:mzbsflofannus
779 1313 903 1356 anal.
935 1312 1036 1356 crit.
1071 1314 1126 1355 15
1168 1312 1345 1356 monuit
1375 1312 1488 1356 conl.
1523 1309 1613 1356 Cic.
1645 1315 1823 1355 oratore

204 1404 214 1424 ‚
428 1405 436 1413 .

952 1511 1004 1558 Π

830 1607 1141 1678 Eurypylus

144 1694 189 1749 O
235 1696 550 1767 PatricoleS,
605 1697 670 1748 ad
721 1698 820 1749 uos
875 1697 1160 1750 adueniens
1211 1696 1468 1750 auxilium
1519 1680 1586 1749 et*
1617 1696 1821 1748 uestras

1206 1804 1395 1838 manus

99 1887 121 1921 5
144 1872 299 1944 Peto,
352 1873 501 1943 prius
555 1892 715 1943 quam
769 1875 963 1944 oppeto
1009 1875 1205 1927 malam
1249 1878 1454 1944 pestem
1501 1874 1807 1926 mandatam
1824 1881 1912 1922 315

1204 1962 1395 2016 hostili
1429 1981 1606 2015 manu.

823 2036 854 2070 >1⁶
1107 2035 1140 2070 θὶς

965 2073 996 2107 ³12

143 2123 332 2193 Neque
366 2124 582 2196 sanguis
612 2124 724 2177 ullo
754 2125 898 2194 potis
931 2128 1010 2178 est
1041 2128 1198 2194 pacto
1226 2126 1497 2195 profluens
1521 2123 1824 2178 consistere.

823 2212 855 2246 ³1³
1109 2213 1140 2247 δὲ

965 2250 997 2283 212

148 2299 206 2354 Si
246 2301 344 2370 qui
377 2302 638 2371 sapientia
675 2302 848 2372 magis
886 2305 1064 2354 uestra
1100 2303 1246 2355 mors
1285 2300 1518 2354 deuitarl'
1549 2303 1740 2370 potest.

144 2388 392 2459 Namque
430 2390 715 2459 Aesculapi
760 2389 1055 2442 liberorum
1102 2390 1266 2443 saucii
1310 2389 1528 2459 opplent
1565 2388 1826 2459 porticus:

144 2477 271 2532 Non
308 2478 452 2547 potis
492 2478 681 2531 accedi.

823 2550 856 2584 21:
1110 2551 1142 2584 ³1:

966 2587 998 2622 ale

988 2639 1081 2709 qui
1120 2639 1274 2693 alteri
1314 2640 1538 2692 exitium
1575 2641 1751 2708 parat,
1789 2710 1794 2714 .
1828 2647 1916 2687 320

145 2727 288 2781 Eum
329 2729 463 2782 scire
503 2732 738 2799 oportet,
776 2728 883 2781 sibi
921 2731 1162 2798 paratam
1200 2730 1405 2797 pestem
1443 2731 1505 2780 ut
1541 2726 1827 2797 participet

1206 2836 1401 2886 parem.

823 2905 853 2939 >R
1109 2905 1140 2939 δὲ

963 2943 994 2977 ²1ss
