1980 3146
232 94 335 147 108
867 95 928 140 M.
954 90 1252 140 PACVVTVS

998 279 1136 327 XXV

228 363 348 416 Heu
356 406 370 433 ,
407 331 517 415 11611
555 366 842 433 tyrannum
879 363 1010 416 noui
1049 363 1514 416 temeritudinem?

344 478 463 522 Non.
498 482 597 535 181,
624 483 677 523 21
714 478 1204 523 ‘temeritudinem
1234 493 1317 536 pro
1347 478 1645 524 temeritate?

227 640 290 685 M
344 581 457 636 heu,
488 595 582 626 non
613 582 845 628 Meo-cerus
876 596 994 626 euno
1027 600 1062 626 ω
1164 585 1413 639 tyrannum
1441 584 1691 641 qenetivum
1720 583 1903 640 aymvit

287 654 460 685 ercerus

984 738 1147 786 XXVI

143 837 225 876 150
244 818 336 873 Set
373 819 496 872 med
534 821 760 873 incertat
799 820 984 874 dictio:
1024 840 1186 891 quare
1226 821 1433 891 expedi!

344 936 463 980 Non.
491 941 589 993 123,
615 941 670 980 30
698 936 995 994 ‘incertat‚
1019 936 1248 980 incertum
1269 936 1416 981 facit.’
1459 935 1726 992 Comparari
1748 937 1905 991 potest

227 994 463 1052 Euripidis
501 995 649 1052 Iphig.
691 996 827 1040 Taur.
860 1011 902 1040 v.
939 1001 1051 1041 1162
1093 993 1136 1039 τί
1174 995 1438 1054 φροιμιάζει
1470 993 1689 1053 νεοχμόν;
1730 993 1902 1048 ἐξαύδα

229 1061 399 1111 σαφῶς.

345 1158 451 1201 med
489 1159 684 1203 Bothius
729 1173 787 1203 ne
827 1176 876 1202 ω.
909 1173 982 1202 me
1014 1160 1188 1204 Junius
1307 1161 1378 1202 set
1416 1159 1501 1202 tua
1536 1171 1609 1201 me
1647 1158 1902 1214 suspicatus

228 1231 348 1261 eram
483 1231 625 1273 quare
664 1218 789 1274 Paz.‚
829 1218 1032 1277 Scaliyer
1069 1233 1211 1274 quam
1246 1231 1345 1262 rem
1382 1235 1418 1275 φ
1457 1231 1598 1273 quam
1634 1222 1761 1261 rem?
1798 1215 1901 1259 Bue

228 1275 341 1331 quin
370 1290 467 1320 rem
498 1277 702 1335 Scaliyer

226 1454 323 1508 Nil
360 1456 663 1508 coniectura
702 1456 852 1525 quiui
893 1456 1315 1526 interpretarier,

229 1542 493 1606 Quorsum
531 1545 569 1613 †
584 1544 827 1597 flexiuice
867 1545 1234 1597 contenderet.'

344 1660 463 1704 Non.
482 1664 582 1716 260,
599 1665 621 1704 1
630 1665 657 1704 Ο
685 1661 698 1682 ‘
710 1674 734 1704 c
745 1674 770 1704 o
780 1676 811 1704 n
821 1663 842 1704 t
851 1674 875 1704 e
884 1675 915 1704 n
926 1660 1013 1704 dit
1033 1659 1265 1717 proripuit
1279 1659 1356 1703 uel
1374 1659 1544 1703 direxit
1560 1659 1836 1716 significat..
1853 1660 1901 1703 ..’

347 1767 369 1805 1
402 1762 471 1805 nil
494 1763 667 1807 Junius
695 1761 816 1805 nihil
839 1780 873 1806 ω
966 1768 992 1807 2
1020 1762 1231 1806 flexiuice
1255 1779 1289 1805 ω
1321 1761 1509 1805 flexiuia
1534 1762 1676 1806 dictio
1705 1762 1902 1818 GrotiuS,

222 1822 408 1877 ‘pulchre
453 1821 675 1878 perplexa
720 1824 801 1877 (an
836 1821 1088 1877 flexiloqua
1098 1826 1136 1879 ?)
1183 1834 1298 1865 uoce
1336 1821 1532 1866 Bothius
1568 1821 1687 1865 flexa
1725 1821 1903 1865 ceruice

226 1880 399 1925 anius
489 1894 537 1924 se
569 1880 870 1924 contenderet
901 1882 1097 1926 Bothius

963 2035 1177 2083 XXVIII

227 2118 525 2189 <Proinde>
570 2122 632 2171 ut
676 2119 780 2171 ista
818 2122 944 2172 sunt
985 2120 1277 2188 promerita
1314 2121 1514 2190 uestra,
1563 2119 1903 2188 aequiperare

1285 2212 1346 2261 lit
1386 2226 1574 2277 queam

226 2294 450 2365 Vereor,
479 2295 585 2347 nisi
614 2297 907 2365 numquam
939 2296 1155 2348 fatiscar
1185 2296 1356 2349 facere
1389 2297 1532 2365 quod
1563 2297 1725 2365 quibo
1759 2296 1898 2348 boni.

343 2410 463 2454 Non.
497 2414 604 2467 307,
631 2415 687 2454 10
729 2410 1029 2454 ‘fatiscere
1061 2437 1117 2444 —
1150 2438 1206 2443 —
1240 2411 1431 2460 deficere
1463 2449 1470 2455 .
1499 2449 1506 2456 .
1535 2449 1542 2455 .
1576 2412 1625 2455 P.
1658 2411 1901 2454 Duloreste

229 2469 287 2526 [1.
321 2470 395 2527 2]’
459 2469 587 2512 Idem
616 2473 717 2526 479,
744 2474 798 2513 15
834 2469 1214 2513 ‘fatiscuntur
1244 2484 1327 2526 pro
1355 2470 1580 2514 fatiscunt
1605 2507 1614 2515 .
1635 2507 1671 2514 ..
1698 2470 1901 2513 Accius

226 2555 470 2600 Duloreste
504 2558 596 2615 [2]’
632 2540 949 2614 (Dssloreste
981 2557 1142 2601 Bamb.
1177 2557 1340 2601 dolor
1369 2557 1480 2601 iste
1511 2558 1658 2614 Leia.)

345 2665 368 2703 1
402 2661 459 2715 cf.
491 2660 655 2705 Plauti
680 2660 807 2717 Gapt.
832 2665 916 2706 931
934 2675 995 2717 sq.
1021 2661 1159 2705 Most.
1187 2665 1272 2704 214
1361 2662 1415 2704 ut
1443 2660 1537 2703 ista
1563 2660 1749 2705 Grotius
1779 2664 1831 2704 ut
1863 2661 1900 2703 si

226 2718 294 2761 ita
326 2736 375 2774 ω,
408 2721 527 2775 quod
555 2725 608 2763 ut
637 2721 689 2763 in
719 2720 1044 2764 exclamatione
1074 2721 1216 2763 teneri
1246 2721 1379 2764 iussit
1410 2720 1636 2763 Vahlenus
1662 2721 1757 2763 md.
1786 2724 1899 2763 1880

220 2791 266 2832 p.
302 2783 327 2820 6
365 2777 459 2820 ista
497 2777 536 2820 si
570 2777 639 2821 ita
669 2778 770 2822 Bue
876 2783 900 2821 2
932 2777 1042 2835 nisi]
1076 2777 1115 2820 si
1146 2795 1180 2821 ω
1205 2792 1254 2833 p.
1279 2783 1366 2822 479
1457 2777 1582 2832 quod
1614 2778 1756 2832 quibo
1787 2778 1900 2821 boni

226 2836 398 2879 Junius
434 2838 487 2880 in
523 2851 607 2893 my.
649 2836 774 2890 quod
813 2836 1005 2891 quiboni
1044 2854 1078 2879 ω
1111 2851 1160 2892 p.
1187 2841 1272 2883 303
1312 2835 1561 2891 quodquod
1601 2836 1742 2891 quibo
1786 2836 1900 2880 boni

227 2909 261 2935 ω
286 2907 334 2949 p.
359 2898 444 2937 479
