1980 3146
218 85 321 137 192
905 85 954 129 L.
986 52 1197 130 Acorvs
1235 63 1242 70 ’
1288 54 1290 56 ’
1323 153 1330 160 ἡ

216 217 458 274 enitent,
500 217 566 261 sic
605 217 750 261 animi
787 231 882 262 non
921 230 1078 261 omnes
1112 217 1228 262 culti
1256 217 1460 262 fructum
1489 218 1676 263 ferunt.’
1722 219 1896 277 (Acciz

214 277 426 334 probae
475 277 682 320 Muretus
729 290 825 321 var.
874 276 980 321 lect.
1012 275 1121 320 XVI
1152 282 1208 320 20
1249 276 1559 334 acinprobe
1599 278 1716 323 Gud.
1757 279 1894 324 Brux.

216 336 542 392 acimprobe
581 335 713 393 Reg.)
753 335 906 380 Schol.
946 335 1081 380 Laur.
1125 336 1189 379 ad
1225 335 1363 393 Verg.
1403 350 1475 394 ge.
1507 337 1529 381 I
1560 343 1585 381 2
1633 337 1831 396 (editum
1869 352 1898 382 a

216 395 299 440 Th.
332 395 618 439 Mommseno
650 409 765 438 mus.
798 394 945 438 Rhen.
976 394 1085 438 XVI
1107 395 1212 452 443)
1248 395 1358 439 ‘nec
1390 409 1501 440 sane
1532 399 1756 454 segetes
1789 396 1898 441 sim-

215 453 402 511 pliciter
437 467 521 510 pro
560 456 686 498 terra
715 455 973 510 ponuntur,
1014 453 1136 520 [sed]
1166 468 1250 510 pro
1282 456 1407 498 terra
1438 457 1572 499 arata
1693 455 1898 500 Accius

215 513 265 556 in
287 512 484 557 Atreo:
517 512 564 556 si
595 512 653 556 in
677 515 927 570 segetem
952 513 1296 557 deteriorem
1323 514 1493 558 datae
1518 517 1648 559 sunt
1671 515 1896 572 fruges.’

215 572 322 616 Non
351 571 490 615 nimis
524 571 696 616 similia
729 575 838 616 sunt
867 571 1121 629 Euripidea
1150 572 1372 617 Hecubae
1410 588 1452 618 v.
1479 578 1586 619 592:

149 629 154 632 ’
571 631 743 676 οὔκουν
775 631 955 688 δεινὸν,
990 631 1034 675 εἰ
1062 639 1120 689 ’γῆ
1151 630 1236 688 μὲν
1268 632 1407 690 κακὴ·

483 697 687 747 τυχοῦσα
717 698 882 748 καιροῦ
914 690 1096 735 θεόθεν
1129 688 1180 735 εὖ
1213 691 1387 749 στάχυν
1417 689 1575 748 φέρει,

483 749 651 807 χρηστὴ
685 748 733 794 δ’
768 749 1027 807 ἁμαρτοῦσ’
1062 746 1127 794 ὧν
1157 751 1306 808 χρεὼν
1337 751 1485 807 αὐτὴν
1515 758 1669 809 τυχεῖν

482 809 630 853 κακὸν
662 806 826 853 δίδωσι
856 807 1057 866 nocenda·

219 911 434 956 Ceterum
473 911 564 955 duo
596 911 861 969 fragmenta
891 912 1054 956 XVIII.
1087 912 1213 967 XIX,
1249 912 1365 956 item
1394 912 1483 958 inc.
1517 913 1611 958 fab.
1644 914 1665 957 I
1697 913 1904 958 dubitari

216 973 373 1028 potest
410 985 523 1014 num
560 971 679 1015 forte
720 971 892 1016 rectius
930 971 1170 1028 Pelopidis
1208 972 1446 1016 reddenda
1487 972 1593 1016 sint.
1656 973 1905 1017 Praeterea

219 1030 281 1074 ad
319 1032 512 1074 Atreum
550 1029 729 1075 conicio
769 1030 1013 1075 referenda
1052 1044 1153 1074 esse
1191 1031 1280 1075 inc.
1321 1031 1416 1076 fab.
1451 1032 1504 1077 V.
1538 1032 1643 1088 VII,
1682 1031 1771 1077 inc.
1812 1032 1902 1077 1116.

220 1089 314 1134 fab.
348 1089 440 1134 LX.

906 1170 1216 1219 B'AGGHAE

1049 1275 1075 1322 I

131 1362 215 1402 235
233 1351 454 1403 Deinde
477 1351 622 1404 6111111
661 1351 827 1420 stirpe
867 1369 987 1404 cum
1025 1350 1229 1417 incluta
1270 1349 1551 1404 Cadmeide

232 1438 448 1510 Vagant
484 1443 759 1492 matronae
796 1439 1087 1509 percitatae
1125 1439 1346 1492 insania.

337 1533 456 1577 Non.
474 1537 574 1590 467,
594 1538 648 1576 25
685 1533 885 1589 ‘uagas
917 1547 1000 1590 pro
1025 1532 1214 1590 uagaris
1234 1570 1241 1578 .
1265 1570 1272 1577 .
1293 1569 1301 1576 .
1320 1533 1488 1577 Accius
1506 1533 1780 1578 Bacchis...
1799 1547 1903 1591 per-

220 1591 395 1636 citatae
417 1592 624 1636 tumultu
641 1592 831 1636 uecordi
846 1606 994 1649 uagas
1011 1591 1209 1636 insania.
1242 1591 1479 1649 Turpilius
1492 1592 1727 1637 Leucadia
1743 1593 1906 1650 (XIII):

220 1651 355 1694 uultu
386 1651 576 1695 uecordi
607 1665 755 1708 uagas
786 1651 1005 1695 insania.’
1070 1651 1325 1709 (Bacchis
1358 1651 1462 1697 edd.
1496 1651 1764 1696 uaccheis
1795 1651 1919 1696 libri·

219 1709 431 1768 plerique
477 1711 756 1755 uaccheus
804 1711 967 1755 Bamb.
1007 1710 1155 1768 Harl.)
1217 1710 1428 1755 Contulit
1471 1711 1734 1756 Boeckhius
1774 1711 1907 1755 Euri-

204 1768 347 1827 'pidis
371 1769 661 1814 Baccharum
684 1785 726 1815 v.
752 1774 806 1814 35
826 1784 925 1826 sqq.
959 1771 1040 1814 καὶ
1069 1778 1168 1815 πᾶν
1198 1772 1251 1813 τὸ
1282 1774 1406 1826 θῆλυ
1439 1768 1619 1827 σπέρμα
1643 1768 1905 1828 Καδμείων,

222 1828 328 1873 ὅσαι
352 1831 581 1881 Γυναῖκες
612 1824 747 1886 ἦσαν,
781 1826 981 1886 ἐξέμηνα
1005 1828 1254 1887 δωμάτων·
1283 1827 1422 1887 Ὁμοῦ
1448 1828 1500 1874 δὲ
1524 1829 1720 1887 Κάδμου
1744 1829 1907 1874 παισὶν

222 1887 597 1946 ἀναμεμιγμέναι
627 1906 668 1932 κ.
693 1905 730 1932 τ.
757 1892 793 1932 λ.

343 1974 366 2012 1
398 1968 552 2013 >omnis
585 1986 619 2012 ω
742 1968 992 2014 Cadmeide
1024 1970 1259 2014 Meo-cerus
1298 1969 1520 2014 Cadmide
1553 1988 1587 2014 ω
1632 1969 1904 2014 Cadmeides

217 2034 323 2086 post
353 2028 633 2086 Scaliyerum
669 2029 913 2086 Quicherat
1031 2034 1057 2072 2
1088 2027 1347 2085 percitatae
1378 2028 1564 2074 insania
1586 2044 1620 2074 x
1647 2029 1907 2086 percitatae

223 2087 429 2131 tumultu
459 2087 650 2131 uecordi
680 2102 827 2145 uagas
859 2087 1045 2131 insania
1077 2090 1132 2144 (v.
1164 2090 1323 2145 supra)
1355 2105 1390 2132 ω

1039 2213 1091 2260 Π

225 2288 300 2341 Et
338 2292 479 2341 minc
518 2289 790 2342 siluicolae
828 2290 1015 2361 ignota
1053 2289 1344 2342 inuisentes
1383 2290 1526 2342 1066

343 2382 610 2427 Macrobius
643 2383 738 2440 Sat,
765 2383 829 2428 VI
854 2387 902 2439 5,
928 2388 953 2426 9
989 2381 1323 2426 ‘siluicolae
1355 2381 1818 2428 Fauni...Naeuius
1838 2417 1847 2425 .
1867 2414 1878 2425 .
1898 2415 1908 2425 .

226 2440 394 2485 Accius
426 2441 476 2485 in
507 2442 703 2486 Bacchis
730 2478 739 2486 .
760 2478 769 2487 .
793 2443 822 2487 .’

1026 2508 1104 2555 III

229 2625 594 2637 .....
672 2585 1104 2653 aeriorepitantes
1142 2584 1310 2636 melos

346 2684 465 2729 Non.
492 2689 598 2741 213,
627 2690 679 2728 12
723 2685 924 2729 ‘melos
959 2721 968 2729 .
996 2720 1005 2729 .
1033 2721 1041 2729 .
1074 2683 1333 2728 masculino
1372 2682 1539 2727 Accius
1571 2682 1886 2727 Vaccis...

230 2742 487 2799 (Bacchis
519 2743 703 2800 Junius)

349 2830 445 2873 acri
483 2831 765 2888 crepitantes
798 2833 856 2876 H
889 2833 1043 2877 Vrbin.
1080 2831 1176 2875 acri
1209 2831 1449 2887 crepantes
1482 2846 1517 2885 φ
1550 2829 1907 2887 aeriorepantes,

231 2889 261 2930 i.
294 2903 328 2932 e.
361 2888 648 2947 χαλκόκροτα
679 2892 781 2935 Bue
812 2890 931 2934 acris
964 2905 1025 2935 cr.
1056 2888 1229 2934 Junius'
