1980 3146
749 90 811 134 Μ.
843 89 1142 136 PACVVIVS
1681 93 1784 145 145

98 222 297 267 Pacuvii
343 236 528 266 versum
574 222 655 279 qui
699 223 942 267 restituere
981 223 1230 268 voluerunt
1268 224 1400 268 varia
1437 227 1786 282 temptaverunt

96 283 229 326 velut
266 281 575 339 naufragio
621 296 837 339 nempe.
886 296 1019 340 6180
1064 282 1124 326 id
1161 283 1376 328 factum
1416 284 1588 340 forte,
1635 285 1785 328 haud

97 341 334 385 fortuna
366 340 585 398 obtigit
616 341 886 386 Salmasius.
943 341 1043 399 ipse
1075 342 1124 386 in
1157 342 1313 387 coroll.
1346 343 1511 388 XLVII
1539 344 1783 401 proposui:

94 416 140 445 11.
173 415 239 446 11.;
291 414 422 457 6180
470 399 527 443 1(1
573 400 787 444 factum
831 401 970 444 haut
1009 401 1158 445 forte
1196 402 1429 446 fortuna
1468 417 1531 458 o.‚
1577 403 1783 447 Marxius

95 459 383 516 nuperrime.
422 475 491 505 n..
530 473 726 516 nempe
766 473 897 517 6180
936 459 992 502 1(1
1031 460 1061 504 f.
1094 461 1143 504 F.
1182 464 1281 505 aut
1310 461 1359 506 F.
1395 461 1640 519 optigit?
1685 463 1784 506 Hoc

95 522 143 562 et
173 518 376 562 fortasse
407 519 461 562 fr.
494 519 579 562 XV
612 533 667 562 ex
699 518 871 575 Chryse
904 522 1140 576 sumptum
1169 520 1367 565 videtur.

247 612 365 651 -10
398 608 701 652 Pei-tractavit
730 609 850 651 huuc
881 609 1028 674 locum
1058 610 1110 651 iu
1137 608 1366 667 Philoloyi
1398 611 1500 653 VII
1517 625 1564 667 Ρ.
1592 614 1676 654 383
1692 625 1782 668 sqq.

101 667 421 711 Fleckeiseuus
504 671 529 709 2
563 679 766 722 saxoque
795 665 972 710 instare
995 666 1045 709 in
1069 666 1264 723 globoso
1288 667 1563 724 praedicant
1586 669 1785 712 uolubili

99 726 354 770 Salmasius
378 739 583 781 saxoque
605 724 782 768 instare
805 724 855 767 in
878 725 1044 782 globos
1068 682 1282 782 (ggloboso
1307 728 1417 772 Par.
1437 731 1487 771 H
1507 743 1560 772 m.
1581 731 1623 784 2)
1647 742 1784 785 posse

99 784 262 828 dicant
300 784 500 828 uolubili
540 785 649 829 Par.
685 791 891 842 uterque,
931 785 1109 841 Herbip
1155 787 1294 830 Bet-‚u
1341 800 1570 842 saxeoque
1609 787 1784 831 instare

99 844 243 900 globo
275 843 552 900 praedicant
582 843 785 887 uolubili
815 845 979 889 Bamb.
1012 845 1143 889 Leid.
1176 845 1382 890 Darmst.
1415 846 1606 902 saxique
1636 846 1786 890 instar

99 903 287 959 globosi
327 916 427 946 esse
467 902 630 946 dicunt
668 902 927 946 uolubilem
967 903 1094 948 Corb.
1135 903 1327 959 saxique
1367 918 1467 948 esse
1506 905 1655 949 instar
1685 906 1785 962 g-lo

99 961 204 1006 bosi
243 977 288 1019 p
329 961 587 1006 uolubilem
618 964 834 1018 probavit
872 963 1169 1007 Hei-manuus
1289 969 1315 1006 3
1355 963 1405 1006 id
1443 979 1534 1019 quo
1575 965 1684 1009 Par.
1725 968 1784 1020 Π,

92 1023 223 1078 prob.
259 1021 513 1066 Salmasius
544 1020 594 1063 id
625 1021 753 1076 quod
784 1022 975 1079 Herbip.
1009 1023 1119 1067 Par.
1154 1023 1199 1065 P
1224 1037 1281 1066 m.
1309 1028 1331 1066 1
1366 1024 1505 1068 Beru.
1539 1038 1630 1079 quo
1657 1024 1744 1068 001
1745 1027 1783 1068 b.

94 1096 152 1124 m.
190 1086 212 1123 1
247 1079 360 1136 quia
391 1094 482 1136 quo
518 1081 645 1125 Corb.
676 1095 734 1124 m.
761 1086 786 1123 2
818 1081 1022 1125 Darmst.
1056 1080 1162 1125 ideo
1195 1081 1307 1137 quia
1337 1096 1428 1138 quo
1461 1084 1623 1127 Bamb.
1652 1083 1783 1128 Leid.

97 1141 212 1184 Par.
247 1141 294 1183 P
327 1155 383 1183 m.
419 1144 443 1183 2
484 1138 596 1195 quia
634 1154 727 1195 quo
767 1139 817 1182 id
856 1141 962 1184 olim
993 1143 1132 1196 posui
1169 1147 1221 1185 ut
1258 1143 1310 1185 iu
1347 1156 1386 1185 v.
1426 1143 1697 1198 interpolato

99 1198 294 1242 fortuna
326 1199 516 1255 Herbip.
551 1200 691 1244 Beru.
798 1204 838 1243 4.
873 1204 899 1242 5
931 1201 1107 1244 inverso
1137 1202 1295 1244 ordine
1328 1202 1538 1258 loquutur
1626 1206 1654 1244 4
1686 1215 1786 1245 esse

98 1259 420 1314 Hermannus,
452 1273 536 1303 om.
570 1259 698 1314 libri,
739 1272 848 1315 quos
879 1260 960 1316 qui
988 1265 1202 1303 secwntwr
1231 1261 1439 1304 vocabuli
1470 1262 1603 1303 atrox
1626 1275 1784 1317 proso-

99 1319 226 1362 diam
257 1319 475 1375 iquoraut
565 1294 802 1361 instabilis
835 1317 925 1361 siet
963 1318 1260 1363 Hei-manuus
1378 1323 1404 1362 5
1443 1320 1559 1378 rem]
1592 1333 1781 1363 causam

97 1377 304 1421 Darmst.
396 1390 497 1420 esse
521 1391 603 1421 om
629 1377 792 1421 Bamb
883 1382 907 1421 7
931 1376 1121 1421 fortuna
1144 1378 1308 1421 Bamb.
1332 1378 1462 1422 Leid.
1496 1378 1783 1435 fortunamq>

183 1438 358 1492 negent
389 1437 552 1480 Bamb.
586 1436 717 1480 Leid.
751 1437 955 1481 Darmst.
1071 1441 1096 1480 8
1132 1437 1358 1493 Corrupta
1388 1438 1440 1481 iu
1473 1439 1613 1492 libris,
1645 1439 1783 1482 iuter-

91 1496 267 1551 polata,
297 1496 512 1540 mutilata
543 1501 665 1539 certa
694 1496 782 1550 fide
812 1497 994 1540 'restitui
1023 1510 1118 1540 ‘nou
1142 1502 1347 1552 possunt.
1425 1495 1573 1539 ullam
1602 1496 1781 1540 miseri-

94 1556 244 1597 tatem
274 1567 374 1598 esse
399 1556 647 1597 autumant
670 1553 1082 1610 (autumanitatem
1105 1555 1295 1611 Herbip.
1320 1555 1633 1599 temeritatem
1657 1556 1781 1612 Erf.)

102 1614 212 1657 Par.
246 1620 385 1670 uterq.
420 1614 562 1657 Beru.
595 1614 784 1669 Herbip.
824 1613 971 1657 ullam
1007 1613 1316 1658 miseritatem
1355 1628 1454 1657 esse
1485 1615 1567 1658 sed
1597 1614 1781 1658 temeri-

95 1674 196 1715 tate
228 1672 384 1738 omnia
414 1671 514 1729 regi
546 1674 820 1716 autumaent
846 1673 973 1718 Gorb.
999 1673 1098 1729 (sed
1128 1672 1394 1717 temeritate
1427 1673 1584 1717 omnia
1615 1673 1781 1730 regi—

95 1731 196 1797 regi
228 1730 386 1775 omnia
408 1732 547 1776 Beru
573 1758 632 1763 ——
657 1732 766 1776 Par.
793 1733 840 1775 P
859 1732 1018 1788 Beru)
1050 1731 1197 1775 ullam
1228 1746 1327 1776 esse
1358 1732 1594 1775 miseriam
1625 1732 1780 1789 (mise-

94 1789 213 1833 riam
265 1790 411 1833 ullam
457 1804 557 1834 esse
602 1791 823 1848 Darmst.)
872 1791 953 1834 sed
998 1791 1262 1835 temeritate
1310 1791 1466 1835 omnia
1515 1791 1615 1848 regi
1662 1791 1779 1848 (geri

96 1850 244 1906 Leid.)
284 1851 531 1893 autumant
568 1850 729 1894 Bamb.
762 1850 894 1894 Leid.
926 1851 1130 1895 Darmst
1252 1851 1507 1894 Fortunam
1543 1865 1589 1895 n.
1631 1850 1779 1894 ullam

96 1907 315 1951 miseram
358 1909 408 1951 111
454 1909 590 1952 1610113
637 1922 758 1965 6336,
804 1909 1138 1954 Temeritatem
1184 1923 1284 1953 esse
1332 1911 1579 1953 autumant
1627 1910 1777 1954 Marx

96 1966 333 2011 miseriam
371 1981 471 2011 esse
509 1967 656 2011 ullam
690 1969 878 2013 Grotius
1005 1970 1192 2014 Versum
1223 1974 1248 2013 9
1280 1971 1478 2013 restituit
1509 1969 1777 2014 Salmasius.

97 2028 160 2070 Iu
197 2029 350 2071 eadem
386 2029 577 2084 igmarus
616 2034 657 2071 et
693 2029 787 2083 ipse
818 2029 965 2072 incidi
994 2034 1055 2083 et,
1097 2043 1224 2085 quem
1252 2043 1347 2072 11011
1377 2030 1520 2085 maqis
1553 2042 1778 2083 noveram,

98 2085 375 2144 Speuqelius.
438 2086 538 2130 ueri
575 2101 658 2131 om.
692 2087 883 2142 Herbip.
1005 2100 1105 2130 esse
1137 2087 1326 2143 Herbip.
1363 2103 1415 2131 m.
1445 2092 1467 2129 1
1509 2100 1607 2130 esse
1645 2085 1779 2130 aiunt

99 2145 209 2189 Par.
244 2146 290 2188 P
315 2160 371 2188 m.
407 2150 429 2188 1
464 2148 514 2189 H
547 2147 686 2190 Beru.
728 2146 916 2202 Herbip.
949 2161 1006 2190 m.
1040 2151 1065 2189 2
1113 2159 1213 2189 6336
1254 2146 1387 2189 aiunt
1425 2145 1549 2201 quod
1590 2146 1700 2190 Par.
1735 2147 1782 2189 P

97 2218 155 2247 m.
188 2209 214 2246 2
255 2203 381 2249 0011).
421 2205 584 2249 Bamb.
623 2205 755 2249 Leid.
794 2205 998 2249 Darmst.
1118 2219 1283 2261 reapse
1322 2206 1548 2249 Victorius
1592 2218 1642 2248 re
1686 2206 1775 2261 (res

99 2263 210 2307 Par.
245 2263 290 2305 P
315 2278 371 2306 m.
399 2268 424 2306 2
459 2263 604 2320 0011).)
643 2263 702 2306 ab
742 2277 790 2306 se
821 2281 856 2307 ω
978 2268 1034 2307 10
1071 2264 1248 2307 factust
1287 2264 1582 2308 Hermauuus
1626 2262 1778 2307 factus

98 2322 229 2365 Leia.
261 2337 317 2365 m.
346 2327 368 2364 1
401 2322 554 2366 factus
586 2324 657 2366 est
687 2339 723 2378 φ
836 2323 974 2366 modo
1006 2337 1087 2368 om.
1122 2324 1283 2367 Bamb.
1317 2323 1446 2366 Leia.
1480 2323 1687 2367 Darmst.

100 2381 210 2424 Post
242 2385 296 2423 10
333 2380 579 2438 naufragio
618 2394 783 2438 nempe
823 2395 932 2439 ergo
971 2381 1021 2425 id
1059 2382 1238 2426 factum
1276 2382 1412 2424 Forte
1454 2383 1536 2424 aut
1573 2381 1779 2425 Fortuna

101 2439 303 2496 optigit?
333 2442 459 2497 sequi
488 2442 585 2484 vult
616 2441 764 2485 Mara:

895 2536 987 2583 XV

101 2660 112 2669 .
145 2618 438 2687 111611(116113,
476 2612 873 2672 manticulator:
912 2619 990 2672 1‘ta
1026 2620 1125 2672 fati
1165 2618 1428 2688 oppressit
1466 2618 1667 2690 iugum.

218 2718 511 2763 XV—XVIH
541 2719 704 2762 Festus
735 2734 780 2775 p.
808 2724 890 2763 133
915 2720 976 2764 Μ.
1024 2719 1492 2763 ‘manticularum
1522 2734 1634 2762 usus
1665 2734 1780 2775 pau-

101 2775 289 2832 peribus
342 2777 392 2820 in
439 2777 640 2821 nummis
687 2779 991 2822 recondendis
1039 2779 1182 2823 etiam
1234 2780 1392 2822 nostro
1440 2778 1626 2822 saeculo
1673 2778 1777 2822 fuit.

101 2835 234 2878 Vnde
280 2835 578 2880 manticulari
625 2836 901 2880 dicebantur
945 2837 1027 2894 qui
1071 2836 1259 2880 furandi
1305 2836 1460 2893 gratia
1498 2836 1779 2881 manticulas

105 2895 433 2939 attrectabant.
477 2896 590 2939 Inde
619 2898 786 2952 poetae
816 2910 901 2953 pro
934 2897 1093 2940 dolose
1125 2895 1238 2951 quid
1271 2896 1451 2952 agendo
1482 2896 1556 2939 usi
1588 2899 1696 2940 sunt
1723 2910 1778 2940 eo

194 2976 322 3009 Scaen.
347 2986 447 3016 poes.
471 2978 578 3010 Rom.
603 2979 737 3019 fragm.
764 2980 820 3011 ed.
845 2979 1038 3011 Rmmncx.
1461 2975 1514 3013 10
