<?xml version="1.0" encoding="UTF-8"?>
<!DOCTYPE html PUBLIC "-//W3C//DTD XHTML 1.0 Transitional//EN"
    "http://www.w3.org/TR/xhtml1/DTD/xhtml1-transitional.dtd">
<html xmlns="http://www.w3.org/1999/xhtml" xml:lang="en" lang="en">
 <head>
  <title>
</title>
<meta http-equiv="Content-Type" content="text/html;charset=utf-8" />
  <meta name='ocr-system' content='tesseract 3.04.00' />
  <meta name='ocr-capabilities' content='ocr_page ocr_carea ocr_par ocr_line ocrx_word'/>
</head>
<body>
  <div class='ocr_page' id='page_1' title='image "./fragscaenicaeromr01ribbuoft_0264.png"; bbox 0 0 1980 3146; ppageno 0'>
   <div class='ocr_carea' id='block_1_1' title="bbox 167 117 1232 174">
    <p class='ocr_par' dir='ltr' id='par_1_1' title="bbox 167 117 1232 174">
     <span class='ocr_line' id='line_1_1' title="bbox 167 117 1232 174; baseline -0.012 0"><span class='ocrx_word' id='word_1_1' title='bbox 167 122 274 174; x_wconf 78' lang='grc'>252</span> <span class='ocrx_word' id='word_1_2' title='bbox 855 118 904 162; x_wconf 91' lang='lat' dir='ltr'>L.</span> <span class='ocrx_word' id='word_1_3' title='bbox 936 117 1147 163; x_wconf 84' lang='lat' dir='ltr'>ACCIVS</span> <span class='ocrx_word' id='word_1_4' title='bbox 1230 132 1232 134; x_wconf 84' lang='lat'>·</span> 
     </span>
    </p>
   </div>
   <div class='ocr_carea' id='block_1_2' title="bbox 168 257 1672 646">
    <p class='ocr_par' dir='ltr' id='par_1_2' title="bbox 168 257 1672 646">
     <span class='ocr_line' id='line_1_2' title="bbox 962 257 1053 304; baseline -0.011 0"><span class='ocrx_word' id='word_1_5' title='bbox 962 257 1053 304; x_wconf 91' lang='lat' dir='ltr'>XV</span> 
     </span>
     <span class='ocr_line' id='line_1_3' title="bbox 168 333 1173 403; baseline -0.004 -14"><span class='ocrx_word' id='word_1_6' title='bbox 168 337 351 403; x_wconf 73' lang='lat' dir='ltr'>Flucts</span> <span class='ocrx_word' id='word_1_7' title='bbox 386 335 588 388; x_wconf 84' lang='lat' dir='ltr'>cruoris</span> <span class='ocrx_word' id='word_1_8' title='bbox 626 334 973 387; x_wconf 75' lang='lat' dir='ltr'>uoluerentur</span> <span class='ocrx_word' id='word_1_9' title='bbox 1011 333 1173 401; x_wconf 58' lang='lat' dir='ltr'>Mysii</span> 
     </span>
     <span class='ocr_line' id='line_1_4' title="bbox 287 426 1203 484; baseline -0.003 -11"><span class='ocrx_word' id='word_1_10' title='bbox 287 430 406 473; x_wconf 88' lang='lat' dir='ltr'>Non.</span> <span class='ocrx_word' id='word_1_11' title='bbox 438 432 540 484; x_wconf 80' lang='lat'>488,</span> <span class='ocrx_word' id='word_1_12' title='bbox 568 433 620 472; x_wconf 92' lang='grc'>11</span> <span class='ocrx_word' id='word_1_13' title='bbox 657 426 856 471; x_wconf 86' lang='lat' dir='ltr'>‘flucti</span> <span class='ocrx_word' id='word_1_14' title='bbox 886 442 970 484; x_wconf 89' lang='lat' dir='ltr'>pro</span> <span class='ocrx_word' id='word_1_15' title='bbox 1001 427 1203 471; x_wconf 88' lang='lat' dir='ltr'>fiuctus.’</span> 
     </span>
     <span class='ocr_line' id='line_1_5' title="bbox 287 507 1672 566; baseline 0 -13"><span class='ocrx_word' id='word_1_16' title='bbox 287 510 587 554; x_wconf 85' lang='lat' dir='ltr'>noluerentur</span> <span class='ocrx_word' id='word_1_17' title='bbox 617 509 750 553; x_wconf 81' lang='lat' dir='ltr'>BaL</span> <span class='ocrx_word' id='word_1_18' title='bbox 781 508 1031 552; x_wconf 88' lang='lat' dir='ltr'>uoluerunt</span> <span class='ocrx_word' id='word_1_19' title='bbox 1062 526 1097 566; x_wconf 84' lang='grc' dir='ltr'>φ</span> <span class='ocrx_word' id='word_1_20' title='bbox 1187 507 1328 564; x_wconf 83' lang='lat' dir='ltr'>Mysii</span> <span class='ocrx_word' id='word_1_21' title='bbox 1359 508 1461 552; x_wconf 80' lang='lat' dir='ltr'>Bue</span> <span class='ocrx_word' id='word_1_22' title='bbox 1491 508 1608 551; x_wconf 89' lang='lat' dir='ltr'>mihi</span> <span class='ocrx_word' id='word_1_23' title='bbox 1638 526 1672 553; x_wconf 89' lang='grc' dir='ltr'><em>ω</em></span> 
     </span>
     <span class='ocr_line' id='line_1_6' title="bbox 287 579 1602 646; baseline 0 -12"><span class='ocrx_word' id='word_1_24' title='bbox 287 579 526 635; x_wconf 87' lang='lat' dir='ltr'>Inserendi</span> <span class='ocrx_word' id='word_1_25' title='bbox 557 590 756 634; x_wconf 86' lang='lat' dir='ltr'>fortasse</span> <span class='ocrx_word' id='word_1_26' title='bbox 789 589 1035 646; x_wconf 72' lang='lat' dir='ltr'>anapaesti</span> <span class='ocrx_word' id='word_1_27' title='bbox 1064 589 1154 633; x_wconf 89' lang='lat' dir='ltr'>inc.</span> <span class='ocrx_word' id='word_1_28' title='bbox 1189 588 1277 633; x_wconf 81' lang='lat' dir='ltr'>ine.</span> <span class='ocrx_word' id='word_1_29' title='bbox 1312 588 1408 633; x_wconf 89' lang='lat' dir='ltr'>fab.</span> <span class='ocrx_word' id='word_1_30' title='bbox 1440 589 1602 634; x_wconf 89' lang='lat' dir='ltr'>XVIII.</span> 
     </span>
    </p>
   </div>
   <div class='ocr_carea' id='block_1_3' title="bbox 884 714 1143 762">
    <p class='ocr_par' dir='ltr' id='par_1_3' title="bbox 884 714 1143 762">
     <span class='ocr_line' id='line_1_7' title="bbox 884 714 1143 762; baseline 0 0"><span class='ocrx_word' id='word_1_31' title='bbox 884 714 1143 762; x_wconf 79' lang='lat' dir='ltr'>TEREVS</span> 
     </span>
    </p>
   </div>
   <div class='ocr_carea' id='block_1_4' title="bbox 171 802 1854 1038">
    <p class='ocr_par' dir='ltr' id='par_1_4' title="bbox 171 802 1854 1038">
     <span class='ocr_line' id='line_1_8' title="bbox 289 802 1848 860; baseline 0 -13"><span class='ocrx_word' id='word_1_32' title='bbox 289 805 465 848; x_wconf 64' lang='lat' dir='ltr'>Tum-:vs</span> <span class='ocrx_word' id='word_1_33' title='bbox 488 804 690 860; x_wconf 87' lang='lat' dir='ltr'>primum</span> <span class='ocrx_word' id='word_1_34' title='bbox 714 806 821 847; x_wconf 84' lang='lat' dir='ltr'>aeta</span> <span class='ocrx_word' id='word_1_35' title='bbox 846 817 886 847; x_wconf 89' lang='lat' dir='ltr'>a.</span> <span class='ocrx_word' id='word_1_36' title='bbox 913 807 1013 859; x_wconf 84' lang='lat'>651,</span> <span class='ocrx_word' id='word_1_37' title='bbox 1039 802 1078 846; x_wconf 90' lang='lat' dir='ltr'>si</span> <span class='ocrx_word' id='word_1_38' title='bbox 1103 805 1318 847; x_wconf 81' lang='lat' dir='ltr'>accurate</span> <span class='ocrx_word' id='word_1_39' title='bbox 1343 803 1502 848; x_wconf 85' lang='lat' dir='ltr'>Cicero</span> <span class='ocrx_word' id='word_1_40' title='bbox 1526 803 1645 848; x_wconf 88' lang='lat' dir='ltr'><strong>Phil.</strong></span> <span class='ocrx_word' id='word_1_41' title='bbox 1667 803 1688 846; x_wconf 96' lang='lat' dir='ltr'>I</span> <span class='ocrx_word' id='word_1_42' title='bbox 1706 807 1775 860; x_wconf 87' lang='lat'>15,</span> <span class='ocrx_word' id='word_1_43' title='bbox 1793 807 1848 847; x_wconf 88' lang='lat'>36</span> 
     </span>
     <span class='ocr_line' id='line_1_9' title="bbox 171 861 1851 920; baseline 0 -13"><span class='ocrx_word' id='word_1_44' title='bbox 171 863 400 920; x_wconf 80' lang='lat' dir='ltr'>loquitur3</span> <span class='ocrx_word' id='word_1_45' title='bbox 455 862 658 920; x_wconf 89' lang='lat' dir='ltr'>repetita</span> <span class='ocrx_word' id='word_1_46' title='bbox 711 861 861 907; x_wconf 84' lang='lat' dir='ltr'>Nonis</span> <span class='ocrx_word' id='word_1_47' title='bbox 915 861 1047 906; x_wconf 91' lang='lat' dir='ltr'>Iuliis</span> <span class='ocrx_word' id='word_1_48' title='bbox 1094 876 1135 907; x_wconf 89' lang='lat' dir='ltr'>a.</span> <span class='ocrx_word' id='word_1_49' title='bbox 1179 867 1264 906; x_wconf 83' lang='lat'>710</span> <span class='ocrx_word' id='word_1_50' title='bbox 1309 862 1433 906; x_wconf 87' lang='lat' dir='ltr'>ludis</span> <span class='ocrx_word' id='word_1_51' title='bbox 1478 861 1851 919; x_wconf 81' lang='lat' dir='ltr'><strong>Apollinaribus:</strong></span> 
     </span>
     <span class='ocr_line' id='line_1_10' title="bbox 173 920 1854 979; baseline -0.001 -12"><span class='ocrx_word' id='word_1_52' title='bbox 173 924 331 968; x_wconf 86' lang='lat' dir='ltr'>Cicero</span> <span class='ocrx_word' id='word_1_53' title='bbox 371 936 442 979; x_wconf 88' lang='lat' dir='ltr'>ep.</span> <span class='ocrx_word' id='word_1_54' title='bbox 483 923 544 966; x_wconf 87' lang='lat' dir='ltr'>ad</span> <span class='ocrx_word' id='word_1_55' title='bbox 582 921 794 966; x_wconf 86' lang='lat' dir='ltr'>Atticum</span> <span class='ocrx_word' id='word_1_56' title='bbox 824 921 931 966; x_wconf 90' lang='lat' dir='ltr'>XVI</span> <span class='ocrx_word' id='word_1_57' title='bbox 963 926 1003 965; x_wconf 89' lang='lat'>2.</span> <span class='ocrx_word' id='word_1_58' title='bbox 1037 926 1075 965; x_wconf 88' lang='lat'>5.</span> <span class='ocrx_word' id='word_1_59' title='bbox 1111 926 1150 966; x_wconf 91' lang='lat'>1.</span> <span class='ocrx_word' id='word_1_60' title='bbox 1182 927 1211 966; x_wconf 84' lang='lat'>4</span> <span class='ocrx_word' id='word_1_61' title='bbox 1251 921 1325 979; x_wconf 84' lang='lat' dir='ltr'><strong>(cf.</strong></span> <span class='ocrx_word' id='word_1_62' title='bbox 1358 921 1442 965; x_wconf 91' lang='lat' dir='ltr'>XV</span> <span class='ocrx_word' id='word_1_63' title='bbox 1470 927 1538 966; x_wconf 88' lang='lat'>12.</span> <span class='ocrx_word' id='word_1_64' title='bbox 1574 926 1628 966; x_wconf 91' lang='grc'>18</span> <span class='ocrx_word' id='word_1_65' title='bbox 1659 920 1778 966; x_wconf 86' lang='lat' dir='ltr'>Phil.</span> <span class='ocrx_word' id='word_1_66' title='bbox 1810 921 1854 965; x_wconf 95' lang='grc' dir='ltr'>Π</span> 
     </span>
     <span class='ocr_line' id='line_1_11' title="bbox 173 980 1547 1038; baseline -0.001 -12"><span class='ocrx_word' id='word_1_67' title='bbox 173 988 243 1038; x_wconf 87' lang='lat'>13,</span> <span class='ocrx_word' id='word_1_68' title='bbox 269 987 322 1026; x_wconf 88' lang='grc'>31</span> <span class='ocrx_word' id='word_1_69' title='bbox 355 982 378 1025; x_wconf 88' lang='grc' dir='ltr'>Ι</span> <span class='ocrx_word' id='word_1_70' title='bbox 403 987 470 1038; x_wconf 87' lang='lat'>15,</span> <span class='ocrx_word' id='word_1_71' title='bbox 497 986 552 1026; x_wconf 89' lang='lat'>36</span> <span class='ocrx_word' id='word_1_72' title='bbox 584 981 626 1024; x_wconf 88' lang='grc' dir='ltr'>Χ</span> <span class='ocrx_word' id='word_1_73' title='bbox 649 987 692 1038; x_wconf 88' lang='lat'>4,</span> <span class='ocrx_word' id='word_1_74' title='bbox 719 984 775 1038; x_wconf 92' lang='grc'>8).</span> <span class='ocrx_word' id='word_1_75' title='bbox 840 980 905 1025; x_wconf 84' lang='lat' dir='ltr'>Cf.</span> <span class='ocrx_word' id='word_1_76' title='bbox 939 982 1119 1035; x_wconf 88' lang='lat' dir='ltr'>quaest.</span> <span class='ocrx_word' id='word_1_77' title='bbox 1154 994 1273 1025; x_wconf 88' lang='lat' dir='ltr'>seen.</span> <span class='ocrx_word' id='word_1_78' title='bbox 1305 996 1350 1038; x_wconf 88' lang='lat' dir='ltr'>p.</span> <span class='ocrx_word' id='word_1_79' title='bbox 1377 985 1462 1025; x_wconf 86' lang='lat'>326</span> <span class='ocrx_word' id='word_1_80' title='bbox 1482 996 1547 1037; x_wconf 91' lang='lat' dir='ltr'>sq.</span> 
     </span>
    </p>
   </div>
   <div class='ocr_carea' id='block_1_5' title="bbox 88 1076 1803 1313">
    <p class='ocr_par' dir='ltr' id='par_1_5' title="bbox 88 1076 1803 1313">
     <span class='ocr_line' id='line_1_12' title="bbox 1001 1076 1027 1123; baseline 0 0"><span class='ocrx_word' id='word_1_81' title='bbox 1001 1076 1027 1123; x_wconf 95' lang='lat' dir='ltr'>I</span> 
     </span>
     <span class='ocr_line' id='line_1_13' title="bbox 188 1153 1803 1225; baseline -0.001 -18"><span class='ocrx_word' id='word_1_82' title='bbox 188 1155 368 1224; x_wconf 88' lang='lat' dir='ltr'>Atque</span> <span class='ocrx_word' id='word_1_83' title='bbox 405 1153 463 1206; x_wconf 78' lang='lat' dir='ltr'>id</span> <span class='ocrx_word' id='word_1_84' title='bbox 502 1172 600 1225; x_wconf 87' lang='lat' dir='ltr'>ego</span> <span class='ocrx_word' id='word_1_85' title='bbox 640 1171 847 1222; x_wconf 81' lang='lat' dir='ltr'><strong>semper</strong></span> <span class='ocrx_word' id='word_1_86' title='bbox 885 1153 962 1205; x_wconf 83' lang='lat' dir='ltr'>sie</span> <span class='ocrx_word' id='word_1_87' title='bbox 1000 1171 1209 1205; x_wconf 83' lang='lat' dir='ltr'>mecum</span> <span class='ocrx_word' id='word_1_88' title='bbox 1249 1153 1395 1224; x_wconf 82' lang='lat' dir='ltr'>agito</span> <span class='ocrx_word' id='word_1_89' title='bbox 1435 1156 1489 1206; x_wconf 89' lang='lat' dir='ltr'>et</span> <span class='ocrx_word' id='word_1_90' title='bbox 1527 1154 1803 1225; x_wconf 75' lang='lat' dir='ltr'>comparo,</span> 
     </span>
     <span class='ocr_line' id='line_1_14' title="bbox 88 1231 1529 1313; baseline -0.001 -16"><span class='ocrx_word' id='word_1_91' title='bbox 88 1259 172 1297; x_wconf 84' lang='lat'>635</span> <span class='ocrx_word' id='word_1_92' title='bbox 192 1231 315 1306; x_wconf 27' lang='lat' dir='ltr'>Quo*</span> <span class='ocrx_word' id='word_1_93' title='bbox 347 1244 503 1312; x_wconf 77' lang='lat' dir='ltr'>pacto</span> <span class='ocrx_word' id='word_1_94' title='bbox 543 1261 793 1313; x_wconf 83' lang='lat' dir='ltr'>magnam</span> <span class='ocrx_word' id='word_1_95' title='bbox 831 1242 1029 1294; x_wconf 89' lang='lat' dir='ltr'>m6lem</span> <span class='ocrx_word' id='word_1_96' title='bbox 1069 1240 1327 1300; x_wconf 68' lang='lat' dir='ltr'>minuam&#39;</span> <span class='ocrx_word' id='word_1_97' title='bbox 1371 1285 1381 1295; x_wconf 90' lang='lat'><strong>.</strong></span> <span class='ocrx_word' id='word_1_98' title='bbox 1444 1285 1455 1295; x_wconf 92' lang='lat'><strong>.</strong></span> <span class='ocrx_word' id='word_1_99' title='bbox 1519 1285 1529 1295; x_wconf 90' lang='lat'><strong>.</strong></span> 
     </span>
    </p>
   </div>
   <div class='ocr_carea' id='block_1_6' title="bbox 175 1334 1857 1451">
    <p class='ocr_par' dir='ltr' id='par_1_6' title="bbox 175 1334 1857 1451">
     <span class='ocr_line' id='line_1_15' title="bbox 292 1334 1857 1392; baseline -0.002 -12"><span class='ocrx_word' id='word_1_100' title='bbox 292 1336 411 1381; x_wconf 90' lang='lat' dir='ltr'>Non.</span> <span class='ocrx_word' id='word_1_101' title='bbox 445 1340 555 1391; x_wconf 86' lang='lat'>256,</span> <span class='ocrx_word' id='word_1_102' title='bbox 582 1340 636 1379; x_wconf 88' lang='grc'>19</span> <span class='ocrx_word' id='word_1_103' title='bbox 680 1337 1035 1392; x_wconf 84' lang='lat' dir='ltr'>‘comparare</span> <span class='ocrx_word' id='word_1_104' title='bbox 1073 1337 1254 1379; x_wconf 87' lang='lat' dir='ltr'>ueteres</span> <span class='ocrx_word' id='word_1_105' title='bbox 1295 1336 1564 1379; x_wconf 81' lang='lat' dir='ltr'>confirmare</span> <span class='ocrx_word' id='word_1_106' title='bbox 1603 1337 1651 1379; x_wconf 89' lang='lat' dir='ltr'>et</span> <span class='ocrx_word' id='word_1_107' title='bbox 1687 1334 1857 1379; x_wconf 85' lang='lat' dir='ltr'>consti-</span> 
     </span>
     <span class='ocr_line' id='line_1_16' title="bbox 175 1392 1728 1451; baseline 0 -12"><span class='ocrx_word' id='word_1_108' title='bbox 175 1399 309 1440; x_wconf 86' lang='lat' dir='ltr'>tuere</span> <span class='ocrx_word' id='word_1_109' title='bbox 343 1395 562 1439; x_wconf 83' lang='lat' dir='ltr'>dixerunt</span> <span class='ocrx_word' id='word_1_110' title='bbox 587 1432 595 1439; x_wconf 92' lang='lat'><strong>.</strong></span> <span class='ocrx_word' id='word_1_111' title='bbox 616 1432 624 1439; x_wconf 87' lang='lat'><strong>.</strong></span> <span class='ocrx_word' id='word_1_112' title='bbox 646 1432 653 1439; x_wconf 94' lang='lat'><strong>.</strong></span> <span class='ocrx_word' id='word_1_113' title='bbox 679 1394 847 1438; x_wconf 84' lang='lat' dir='ltr'>Accius</span> <span class='ocrx_word' id='word_1_114' title='bbox 879 1394 1114 1451; x_wconf 81' lang='lat' dir='ltr'>Eurysace</span> <span class='ocrx_word' id='word_1_115' title='bbox 1141 1431 1149 1439; x_wconf 92' lang='lat'><strong>.</strong></span> <span class='ocrx_word' id='word_1_116' title='bbox 1170 1431 1178 1439; x_wconf 94' lang='lat'><strong>.</strong></span> <span class='ocrx_word' id='word_1_117' title='bbox 1200 1432 1208 1439; x_wconf 89' lang='lat'><strong>.</strong></span> <span class='ocrx_word' id='word_1_118' title='bbox 1233 1392 1359 1439; x_wconf 85' lang='lat' dir='ltr'>idem</span> <span class='ocrx_word' id='word_1_119' title='bbox 1388 1394 1438 1439; x_wconf 89' lang='lat' dir='ltr'>in</span> <span class='ocrx_word' id='word_1_120' title='bbox 1468 1395 1613 1439; x_wconf 90' lang='lat' dir='ltr'>Tereo</span> <span class='ocrx_word' id='word_1_121' title='bbox 1640 1431 1648 1439; x_wconf 88' lang='lat'><strong>.</strong></span> <span class='ocrx_word' id='word_1_122' title='bbox 1670 1431 1678 1439; x_wconf 92' lang='lat'><strong>.</strong></span> <span class='ocrx_word' id='word_1_123' title='bbox 1700 1395 1728 1438; x_wconf 93' lang='lat'>.’</span> 
     </span>
    </p>
   </div>
   <div class='ocr_carea' id='block_1_7' title="bbox 175 1475 1861 1712">
    <p class='ocr_par' dir='ltr' id='par_1_7' title="bbox 266 1475 1861 1593">
     <span class='ocr_line' id='line_1_17' title="bbox 297 1475 1861 1521; baseline 0 -1"><span class='ocrx_word' id='word_1_124' title='bbox 297 1483 319 1520; x_wconf 92' lang='lat'>1</span> <span class='ocrx_word' id='word_1_125' title='bbox 355 1476 422 1520; x_wconf 81' lang='lat' dir='ltr'>sic</span> <span class='ocrx_word' id='word_1_126' title='bbox 458 1489 641 1520; x_wconf 83' lang='lat' dir='ltr'>meeum</span> <span class='ocrx_word' id='word_1_127' title='bbox 681 1477 866 1521; x_wconf 79' lang='lat' dir='ltr'>Vossius</span> <span class='ocrx_word' id='word_1_128' title='bbox 903 1489 1085 1519; x_wconf 84' lang='lat' dir='ltr'>mecum</span> <span class='ocrx_word' id='word_1_129' title='bbox 1125 1475 1191 1519; x_wconf 83' lang='lat' dir='ltr'>sie</span> <span class='ocrx_word' id='word_1_130' title='bbox 1230 1494 1265 1520; x_wconf 89' lang='grc' dir='ltr'>ω</span> <span class='ocrx_word' id='word_1_131' title='bbox 1304 1489 1486 1520; x_wconf 87' lang='lat' dir='ltr'>meeum</span> <span class='ocrx_word' id='word_1_132' title='bbox 1525 1475 1564 1520; x_wconf 91' lang='lat' dir='ltr'>si</span> <span class='ocrx_word' id='word_1_133' title='bbox 1602 1477 1716 1521; x_wconf 73' lang='lat' dir='ltr'>coni.</span> <span class='ocrx_word' id='word_1_134' title='bbox 1756 1477 1861 1520; x_wconf 79' lang='lat' dir='ltr'>Bue</span> 
     </span>
     <span class='ocr_line' id='line_1_18' title="bbox 266 1534 1857 1593; baseline -0.001 -14"><span class='ocrx_word' id='word_1_135' title='bbox 266 1541 291 1579; x_wconf 88' lang='lat'>2</span> <span class='ocrx_word' id='word_1_136' title='bbox 323 1550 557 1593; x_wconf 89' lang='lat' dir='ltr'>magnam-</span> <span class='ocrx_word' id='word_1_137' title='bbox 588 1534 760 1581; x_wconf 90' lang='lat' dir='ltr'>molem</span> <span class='ocrx_word' id='word_1_138' title='bbox 804 1534 1013 1579; x_wconf 89' lang='lat' dir='ltr'>minuam</span> <span class='ocrx_word' id='word_1_139' title='bbox 1058 1537 1124 1580; x_wconf 82' lang='lat' dir='ltr'>ed.</span> <span class='ocrx_word' id='word_1_140' title='bbox 1167 1550 1240 1592; x_wconf 75' lang='lat' dir='ltr'>pr.</span> <span class='ocrx_word' id='word_1_141' title='bbox 1289 1549 1511 1593; x_wconf 89' lang='lat' dir='ltr'>magnam</span> <span class='ocrx_word' id='word_1_142' title='bbox 1558 1535 1679 1579; x_wconf 91' lang='lat' dir='ltr'>olem</span> <span class='ocrx_word' id='word_1_143' title='bbox 1719 1534 1857 1591; x_wconf 89' lang='lat' dir='ltr'>(olem</span> 
     </span>
    </p>

    <p class='ocr_par' dir='ltr' id='par_1_8' title="bbox 175 1594 1856 1712">
     <span class='ocr_line' id='line_1_19' title="bbox 175 1594 1856 1653; baseline -0.001 -13"><span class='ocrx_word' id='word_1_144' title='bbox 175 1609 397 1653; x_wconf 86' lang='lat' dir='ltr'>magnam</span> <span class='ocrx_word' id='word_1_145' title='bbox 423 1595 481 1652; x_wconf 76' lang='lat' dir='ltr'>G)</span> <span class='ocrx_word' id='word_1_146' title='bbox 511 1594 707 1638; x_wconf 87' lang='lat' dir='ltr'>nimiam</span> <span class='ocrx_word' id='word_1_147' title='bbox 731 1611 780 1649; x_wconf 88' lang='grc' dir='ltr'>ω,</span> <span class='ocrx_word' id='word_1_148' title='bbox 811 1596 906 1639; x_wconf 74' lang='lat' dir='ltr'>nisi</span> <span class='ocrx_word' id='word_1_149' title='bbox 935 1596 1055 1652; x_wconf 78' lang='lat' dir='ltr'>quod</span> <span class='ocrx_word' id='word_1_150' title='bbox 1083 1594 1293 1638; x_wconf 89' lang='lat' dir='ltr'>minuam</span> <span class='ocrx_word' id='word_1_151' title='bbox 1322 1597 1374 1639; x_wconf 72' lang='lat' dir='ltr'>in</span> <span class='ocrx_word' id='word_1_152' title='bbox 1402 1595 1547 1640; x_wconf 78' lang='lat' dir='ltr'>Vatic.</span> <span class='ocrx_word' id='word_1_153' title='bbox 1573 1598 1689 1638; x_wconf 87' lang='lat'>2916</span> <span class='ocrx_word' id='word_1_154' title='bbox 1719 1600 1856 1639; x_wconf 77' lang='lat' dir='ltr'>eoetat.</span> 
     </span>
     <span class='ocr_line' id='line_1_20' title="bbox 266 1653 1304 1712; baseline -0.001 -13"><span class='ocrx_word' id='word_1_155' title='bbox 266 1655 439 1712; x_wconf 73' lang='lat' dir='ltr'>Explet</span> <span class='ocrx_word' id='word_1_156' title='bbox 468 1668 643 1706; x_wconf 77' lang='lat' dir='ltr'>versum</span> <span class='ocrx_word' id='word_1_157' title='bbox 674 1654 870 1698; x_wconf 77' lang='lat' dir='ltr'>Bothius</span> <span class='ocrx_word' id='word_1_158' title='bbox 900 1655 1059 1699; x_wconf 78' lang='lat' dir='ltr'>addito</span> <span class='ocrx_word' id='word_1_159' title='bbox 1088 1653 1304 1698; x_wconf 83' lang='lat' dir='ltr'>miseriae</span> 
     </span>
    </p>
   </div>
   <div class='ocr_carea' id='block_1_8' title="bbox 178 1763 1543 2086">
    <p class='ocr_par' dir='ltr' id='par_1_9' title="bbox 178 1763 1543 2086">
     <span class='ocr_line' id='line_1_21' title="bbox 693 1763 1041 1810; baseline 0 0"><span class='ocrx_word' id='word_1_160' title='bbox 693 1806 696 1810; x_wconf 89' lang='lat'><strong>.</strong></span> <span class='ocrx_word' id='word_1_161' title='bbox 990 1763 1041 1810; x_wconf 90' lang='lat' dir='ltr'>H</span> 
     </span>
     <span class='ocr_line' id='line_1_22' title="bbox 178 1840 1543 1909; baseline -0.001 -15"><span class='ocrx_word' id='word_1_162' title='bbox 178 1841 374 1894; x_wconf 75' lang='lat' dir='ltr'>Tereus</span> <span class='ocrx_word' id='word_1_163' title='bbox 412 1841 674 1894; x_wconf 87' lang='lat' dir='ltr'>indomito</span> <span class='ocrx_word' id='word_1_164' title='bbox 713 1841 860 1892; x_wconf 75' lang='lat' dir='ltr'>more</span> <span class='ocrx_word' id='word_1_165' title='bbox 900 1842 1059 1909; x_wconf 85' lang='lat' dir='ltr'>atque</span> <span class='ocrx_word' id='word_1_166' title='bbox 1099 1840 1275 1902; x_wconf 86' lang='lat' dir='ltr'>animo</span> <span class='ocrx_word' id='word_1_167' title='bbox 1315 1840 1543 1893; x_wconf 76' lang='lat' dir='ltr'>barbaro</span> 
     </span>
     <span class='ocr_line' id='line_1_23' title="bbox 181 1928 1494 1998; baseline -0.002 -16"><span class='ocrx_word' id='word_1_168' title='bbox 181 1928 470 1998; x_wconf 74' lang='lat' dir='ltr'>Conspexit</span> <span class='ocrx_word' id='word_1_169' title='bbox 506 1932 570 1981; x_wconf 89' lang='lat' dir='ltr'>ut</span> <span class='ocrx_word' id='word_1_170' title='bbox 607 1947 745 1998; x_wconf 85' lang='lat' dir='ltr'>eam,</span> <span class='ocrx_word' id='word_1_171' title='bbox 783 1929 962 1981; x_wconf 77' lang='lat' dir='ltr'>amore</span> <span class='ocrx_word' id='word_1_172' title='bbox 1000 1946 1186 1981; x_wconf 82' lang='lat' dir='ltr'>uecors</span> <span class='ocrx_word' id='word_1_173' title='bbox 1224 1929 1494 1998; x_wconf 76' lang='lat' dir='ltr'>fiammeO,</span> 
     </span>
     <span class='ocr_line' id='line_1_24' title="bbox 178 2016 1446 2086; baseline -0.002 -16"><span class='ocrx_word' id='word_1_174' title='bbox 178 2017 466 2086; x_wconf 75' lang='lat' dir='ltr'>Depositus</span> <span class='ocrx_word' id='word_1_175' title='bbox 503 2016 710 2069; x_wconf 83' lang='lat' dir='ltr'>facinus</span> <span class='ocrx_word' id='word_1_176' title='bbox 747 2017 1037 2086; x_wconf 72' lang='lat' dir='ltr'>pessimum</span> <span class='ocrx_word' id='word_1_177' title='bbox 1077 2035 1141 2069; x_wconf 88' lang='lat' dir='ltr'>ex</span> <span class='ocrx_word' id='word_1_178' title='bbox 1181 2017 1446 2069; x_wconf 77' lang='lat' dir='ltr'>dementia</span> 
     </span>
    </p>
   </div>
   <div class='ocr_carea' id='block_1_9' title="bbox 182 2105 472 2177">
    <p class='ocr_par' dir='ltr' id='par_1_10' title="bbox 182 2105 472 2177">
     <span class='ocr_line' id='line_1_25' title="bbox 182 2105 472 2177; baseline 0 -19"><span class='ocrx_word' id='word_1_179' title='bbox 182 2105 472 2177; x_wconf 73' lang='lat' dir='ltr'>Confingit.</span> 
     </span>
    </p>
   </div>
   <div class='ocr_carea' id='block_1_10' title="bbox 181 2196 1859 2315">
    <p class='ocr_par' dir='ltr' id='par_1_11' title="bbox 181 2196 1859 2315">
     <span class='ocr_line' id='line_1_26' title="bbox 297 2196 1859 2301; baseline -0.002 -58"><span class='ocrx_word' id='word_1_180' title='bbox 297 2199 416 2244; x_wconf 88' lang='lat' dir='ltr'>Non.</span> <span class='ocrx_word' id='word_1_181' title='bbox 444 2203 549 2255; x_wconf 80' lang='lat'>279,</span> <span class='ocrx_word' id='word_1_182' title='bbox 575 2203 631 2242; x_wconf 89' lang='lat'>22</span> <span class='ocrx_word' id='word_1_183' title='bbox 674 2198 982 2301; x_wconf 80' lang='lat' dir='ltr'>‘deponere</span> <span class='ocrx_word' id='word_1_184' title='bbox 1023 2200 1099 2268; x_wconf 84' lang='lat' dir='ltr'>est</span> <span class='ocrx_word' id='word_1_185' title='bbox 1127 2199 1392 2255; x_wconf 85' lang='lat' dir='ltr'>desperare,</span> <span class='ocrx_word' id='word_1_186' title='bbox 1424 2197 1547 2242; x_wconf 91' lang='lat' dir='ltr'>unde</span> <span class='ocrx_word' id='word_1_187' title='bbox 1579 2199 1627 2240; x_wconf 89' lang='lat' dir='ltr'>et</span> <span class='ocrx_word' id='word_1_188' title='bbox 1658 2196 1859 2253; x_wconf 81' lang='lat' dir='ltr'>depositi</span> 
     </span>
     <span class='ocr_line' id='line_1_27' title="bbox 181 2257 697 2315; baseline -0.004 -13"><span class='ocrx_word' id='word_1_189' title='bbox 181 2257 414 2315; x_wconf 85' lang='lat' dir='ltr'>desperati</span> <span class='ocrx_word' id='word_1_190' title='bbox 446 2257 697 2302; x_wconf 80' lang='lat' dir='ltr'>dicuntur.</span> 
     </span>
    </p>
   </div>
   <div class='ocr_carea' id='block_1_11' title="bbox 180 2336 1859 2442">
    <p class='ocr_par' dir='ltr' id='par_1_12' title="bbox 180 2336 1859 2442">
     <span class='ocr_line' id='line_1_28' title="bbox 300 2336 1859 2383; baseline -0.002 -1"><span class='ocrx_word' id='word_1_191' title='bbox 300 2344 325 2382; x_wconf 94' lang='lat'>2</span> <span class='ocrx_word' id='word_1_192' title='bbox 357 2341 412 2382; x_wconf 87' lang='lat' dir='ltr'>ut</span> <span class='ocrx_word' id='word_1_193' title='bbox 443 2352 545 2382; x_wconf 89' lang='lat' dir='ltr'>eam</span> <span class='ocrx_word' id='word_1_194' title='bbox 575 2354 609 2383; x_wconf 78' lang='lat' dir='ltr'><strong><em>x</em></strong></span> <span class='ocrx_word' id='word_1_195' title='bbox 637 2338 688 2381; x_wconf 91' lang='lat' dir='ltr'>in</span> <span class='ocrx_word' id='word_1_196' title='bbox 720 2351 823 2381; x_wconf 88' lang='lat' dir='ltr'>eam</span> <span class='ocrx_word' id='word_1_197' title='bbox 855 2355 889 2381; x_wconf 89' lang='grc' dir='ltr'><em>ω</em></span> <span class='ocrx_word' id='word_1_198' title='bbox 922 2337 1031 2380; x_wconf 86' lang='lat' dir='ltr'>hinc</span> <span class='ocrx_word' id='word_1_199' title='bbox 1062 2339 1165 2382; x_wconf 82' lang='lat' dir='ltr'>Bue</span> <span class='ocrx_word' id='word_1_200' title='bbox 1285 2337 1498 2381; x_wconf 90' lang='lat' dir='ltr'>flammeo</span> <span class='ocrx_word' id='word_1_201' title='bbox 1530 2338 1701 2382; x_wconf 56' lang='lat' dir='ltr'>{Tunius</span> <span class='ocrx_word' id='word_1_202' title='bbox 1731 2336 1859 2380; x_wconf 89' lang='lat' dir='ltr'>flam-</span> 
     </span>
     <span class='ocr_line' id='line_1_29' title="bbox 180 2412 374 2442; baseline 0.005 -1"><span class='ocrx_word' id='word_1_203' title='bbox 180 2412 307 2442; x_wconf 87' lang='lat' dir='ltr'>meos</span> <span class='ocrx_word' id='word_1_204' title='bbox 339 2415 374 2442; x_wconf 90' lang='grc' dir='ltr'><em>ω</em></span> 
     </span>
    </p>
   </div>
   <div class='ocr_carea' id='block_1_12' title="bbox 96 2538 1617 2702">
    <p class='ocr_par' dir='ltr' id='par_1_13' title="bbox 96 2538 1617 2702">
     <span class='ocr_line' id='line_1_30' title="bbox 96 2538 1617 2610; baseline -0.001 -19"><span class='ocrx_word' id='word_1_205' title='bbox 96 2553 208 2592; x_wconf 83' lang='lat'>640.</span> <span class='ocrx_word' id='word_1_206' title='bbox 288 2582 297 2591; x_wconf 89' lang='grc'><strong>.</strong></span> <span class='ocrx_word' id='word_1_207' title='bbox 373 2541 476 2608; x_wconf 87' lang='grc' dir='ltr'>&lt;ο&gt;</span> <span class='ocrx_word' id='word_1_208' title='bbox 515 2558 732 2592; x_wconf 86' lang='lat' dir='ltr'>suauem</span> <span class='ocrx_word' id='word_1_209' title='bbox 770 2539 985 2610; x_wconf 76' lang='lat' dir='ltr'>linguae</span> <span class='ocrx_word' id='word_1_210' title='bbox 1025 2539 1281 2591; x_wconf 86' lang='lat' dir='ltr'>sonitum!</span> <span class='ocrx_word' id='word_1_211' title='bbox 1322 2539 1352 2591; x_wconf 89' lang='lat' dir='ltr'>o</span> <span class='ocrx_word' id='word_1_212' title='bbox 1394 2538 1617 2590; x_wconf 75' lang='lat' dir='ltr'>dulcitas</span> 
     </span>
     <span class='ocr_line' id='line_1_31' title="bbox 186 2627 863 2702; baseline 0 -22"><span class='ocrx_word' id='word_1_213' title='bbox 186 2627 597 2702; x_wconf 81' lang='lat' dir='ltr'>Conspirantum</span> <span class='ocrx_word' id='word_1_214' title='bbox 637 2628 863 2680; x_wconf 86' lang='lat' dir='ltr'>animae!</span> 
     </span>
    </p>
   </div>
   <div class='ocr_carea' id='block_1_13' title="bbox 300 2717 1591 2779">
    <p class='ocr_par' dir='ltr' id='par_1_14' title="bbox 300 2717 1591 2779">
     <span class='ocr_line' id='line_1_32' title="bbox 300 2717 1591 2779; baseline -0.002 -16"><span class='ocrx_word' id='word_1_215' title='bbox 300 2720 420 2765; x_wconf 89' lang='lat' dir='ltr'>Non.</span> <span class='ocrx_word' id='word_1_216' title='bbox 451 2725 521 2776; x_wconf 87' lang='lat'>96,</span> <span class='ocrx_word' id='word_1_217' title='bbox 547 2725 602 2764; x_wconf 86' lang='lat'>25</span> <span class='ocrx_word' id='word_1_218' title='bbox 638 2720 693 2763; x_wconf 86' lang='lat' dir='ltr'>‘d</span> <span class='ocrx_word' id='word_1_219' title='bbox 702 2720 758 2763; x_wconf 92' lang='lat' dir='ltr'>ul</span> <span class='ocrx_word' id='word_1_220' title='bbox 769 2735 792 2779; x_wconf 80' lang='lat' dir='ltr'>e</span> <span class='ocrx_word' id='word_1_221' title='bbox 802 2735 818 2762; x_wconf 89' lang='lat'>1</span> <span class='ocrx_word' id='word_1_222' title='bbox 806 2719 849 2763; x_wconf 95' lang='lat' dir='ltr'>t</span> <span class='ocrx_word' id='word_1_223' title='bbox 858 2735 885 2764; x_wconf 90' lang='lat' dir='ltr'>a</span> <span class='ocrx_word' id='word_1_224' title='bbox 896 2735 937 2776; x_wconf 89' lang='lat' dir='ltr'>s,</span> <span class='ocrx_word' id='word_1_225' title='bbox 971 2719 1214 2763; x_wconf 80' lang='lat' dir='ltr'>dulcitudo</span> <span class='ocrx_word' id='word_1_226' title='bbox 1245 2733 1329 2775; x_wconf 90' lang='lat' dir='ltr'>pro</span> <span class='ocrx_word' id='word_1_227' title='bbox 1363 2717 1591 2762; x_wconf 83' lang='lat' dir='ltr'>dulcedo’</span> 
     </span>
    </p>
   </div>
   <div class='ocr_carea' id='block_1_14' title="bbox 184 2798 1861 2971">
    <p class='ocr_par' dir='ltr' id='par_1_15' title="bbox 184 2798 1859 2962">
     <span class='ocr_line' id='line_1_33' title="bbox 305 2798 1859 2857; baseline -0.002 -12"><span class='ocrx_word' id='word_1_228' title='bbox 305 2805 328 2844; x_wconf 90' lang='lat'>1</span> <span class='ocrx_word' id='word_1_229' title='bbox 363 2815 389 2844; x_wconf 94' lang='lat' dir='ltr'>o</span> <span class='ocrx_word' id='word_1_230' title='bbox 420 2801 606 2856; x_wconf 78' lang='lat' dir='ltr'>anius,</span> <span class='ocrx_word' id='word_1_231' title='bbox 638 2814 720 2845; x_wconf 90' lang='lat' dir='ltr'>om.</span> <span class='ocrx_word' id='word_1_232' title='bbox 754 2818 788 2845; x_wconf 89' lang='grc' dir='ltr'><em>ω</em></span> <span class='ocrx_word' id='word_1_233' title='bbox 885 2806 910 2843; x_wconf 94' lang='grc'><strong>2</strong></span> <span class='ocrx_word' id='word_1_234' title='bbox 943 2800 1291 2857; x_wconf 85' lang='lat' dir='ltr'>eonspirantum</span> <span class='ocrx_word' id='word_1_235' title='bbox 1320 2799 1515 2842; x_wconf 77' lang='lat' dir='ltr'>Bothius</span> <span class='ocrx_word' id='word_1_236' title='bbox 1546 2798 1859 2855; x_wconf 85' lang='lat' dir='ltr'>conspiratum</span> 
     </span>
     <span class='ocr_line' id='line_1_34' title="bbox 186 2855 1861 2916; baseline -0.001 -15"><span class='ocrx_word' id='word_1_237' title='bbox 186 2859 241 2901; x_wconf 87' lang='grc' dir='ltr'><em>Η</em></span> <span class='ocrx_word' id='word_1_238' title='bbox 251 2858 339 2903; x_wconf 73' lang='lat' dir='ltr'>’W</span> <span class='ocrx_word' id='word_1_239' title='bbox 364 2858 669 2915; x_wconf 84' lang='lat' dir='ltr'>conspiritum</span> <span class='ocrx_word' id='word_1_240' title='bbox 700 2877 736 2916; x_wconf 87' lang='grc' dir='ltr'><strong>φ</strong></span> <span class='ocrx_word' id='word_1_241' title='bbox 768 2859 1035 2915; x_wconf 86' lang='lat' dir='ltr'>conspiratu</span> <span class='ocrx_word' id='word_1_242' title='bbox 1065 2859 1236 2908; x_wconf 73' lang='lat' dir='ltr'>Oniom</span> <span class='ocrx_word' id='word_1_243' title='bbox 1266 2870 1369 2900; x_wconf 87' lang='lat' dir='ltr'>eum</span> <span class='ocrx_word' id='word_1_244' title='bbox 1402 2855 1549 2911; x_wconf 85' lang='lat' dir='ltr'>spirat</span> <span class='ocrx_word' id='word_1_245' title='bbox 1571 2857 1673 2901; x_wconf 80' lang='lat' dir='ltr'>Bue</span> <span class='ocrx_word' id='word_1_246' title='bbox 1762 2859 1861 2901; x_wconf 90' lang='lat' dir='ltr'>ani—</span> 
     </span>
     <span class='ocr_line' id='line_1_35' title="bbox 184 2918 588 2971; baseline 0.01 -13"><span class='ocrx_word' id='word_1_247' title='bbox 184 2930 363 2960; x_wconf 85' lang='lat' dir='ltr'>marum</span> <span class='ocrx_word' id='word_1_248' title='bbox 393 2918 588 2971; x_wconf 75' lang='lat' dir='ltr'>Bothius</span> 
     </span>
    </p>
   </div>
  </div>
 </body>
</html>
