1980 3146
797 102 847 147 L.
879 101 1088 147 ACCIVS
1678 102 1782 155 189

99 235 159 282 ἂν
191 236 359 281 δύναιο
391 236 452 293 μὴ
486 237 646 293 καμὼν
679 236 989 292 εὐδαιμονεῖν,
1022 235 1216 293 Αἰσχρόν
1241 251 1289 279 τε
1313 238 1512 294 μοχθεῖν
1537 235 1597 292 μὴ
1622 233 1784 279 θέλειν

99 293 308 351 νεανίαν,
340 297 388 339 ct
411 295 600 350 Thyest.
626 294 680 340 fr.
706 299 791 338 392
815 294 884 338 N²
915 295 956 339 εἰ
988 293 1034 339 δ’
1063 294 1172 351 ἄτερ
1203 292 1363 340 πόνων
1387 299 1555 346 Λοκεῖς
1579 293 1784 350 ἔσεσθαι,

98 362 249 412 μῶρος
281 350 335 410 εἷ,
366 355 545 410 θνητὸς
574 355 729 411 γεγώς.

748 444 750 446 ,
886 420 988 467 IX&

98 502 178 556 'Id
217 504 360 573 quod
398 504 557 556 multi
595 503 871 556 inuideant
891 490 1172 574 'multique
1211 507 1464 574 expetant
1504 504 1770 558 inscitiast
1787 489 1871 557 215

99 593 401 662 Postulare,
439 593 544 646 m‘si
581 593 821 646 laborem
859 596 1067 645 summa
1106 611 1227 645 cum
1266 612 1392 646 cura
1430 593 1643 647 ecferas
1887 580 1889 583 ¹

220 694 379 739 Cicero
410 709 494 751 pro
526 694 642 738 Scst.
675 698 747 749 48,
774 698 878 739 102:
912 693 969 737 cf.
1002 693 1056 737 fr.
1083 694 1137 737 V.

222 788 249 852 1·
277 783 327 826 id
373 783 497 839 quod
528 800 563 826 ω
604 797 692 839 pro
733 783 948 838 Plancio,
995 782 1229 848 Sestianae
1275 784 1341 827 ed.
1384 784 1684 848 Hervayiana
1731 799 1786 829 eoe

100 857 274 901 eyreyzo
312 844 407 888 cod.
441 844 651 899 profecta
688 843 738 908 te
769 841 843 898 (de
874 841 986 908 Req.
1017 856 1074 886 m.
1101 843 1144 898 1)
1176 841 1226 884 id
1258 842 1384 910 quod
1408 857 1497 899 pro
1529 843 1639 888 Sest.
1671 845 1783 909 qu:

104 902 273 947 Gembl.
365 906 390 944 2
421 900 662 958 postulare
692 916 742 944 m
772 902 840 946 vel
868 915 962 967 msi
998 901 1337 958 Wesenberyzus
1367 901 1664 958 postularent
1695 917 1786 946 smi

101 962 301 1077 {335ssss
329 961 606 1077 {brgeozzglla
620 959 859 1065 pgzivlllilire
892 974 932 1003 s1
962 961 1116 1018 vulgo,
1157 960 1484 1006 Lachmawnus
1605 965 1786 1006 summfi

921 1085 966 1132 X

102 1169 187 1223 Ne
226 1173 348 1222 clim
377 1156 614 1238 ¹tyranno
656 1168 940 1239 quisquam
978 1169 1227 1239 epulandi
1266 1170 1440 1240 gratia

105 1257 405 1311 Accumbat
440 1276 678 1310 mensam
717 1261 810 1310 aut
848 1257 1066 1310 eandem
1105 1261 1351 1310 uescatur
1381 1259 1593 1328 dapem.

223 1360 341 1403 Non.
367 1364 468 1416 415,
495 1364 551 1410 25
587 1358 769 1403 ‘uesci
801 1361 872 1403 est
902 1358 1038 1403 edere
1063 1395 1071 1402 .
1094 1397 1102 1404 .
1123 1360 1151 1404 .’

907 1470 978 1517 XI

104 1555 411 1624 Epularum.
440 1554 619 1622 fictor,
658 1553 916 1606 scelerum
953 1553 1136 1606 fratris
1177 1554 1370 1606 delitor

221 1654 486 1699 Priscianus
523 1670 567 1711 p.
593 1659 678 1698 873
702 1655 751 1698 Ρ.
802 1655 849 1698 ‘a
881 1654 1013 1699 deleo
1135 1654 1354 1710 deletum,
1387 1668 1415 1698 a
1448 1653 1604 1698 delino
1638 1654 1787 1698 deli-

105 1717 220 1759 tum
255 1713 484 1770 nascitur,
525 1714 651 1769 quod
681 1713 859 1758 Probus
891 1715 940 1758 et
969 1713 1118 1771 Caper
1149 1713 1455 1770 comprobant
1484 1728 1571 1757 usu
1602 1727 1787 1770 quoque

107 1774 364 1818 adiuuante
390 1810 398 1816 .
428 1809 436 1817 .
466 1809 473 1816 .
498 1771 666 1817 Accius
712 1772 763 1815 in
800 1772 941 1817 Atreo
1042 1774 1071 1817 .'
1135 1773 1398 1817 Thesaurus
1445 1787 1550 1816 nov.
1589 1772 1671 1816 lat.
1712 1786 1786 1829 ap.

43 1847 46 1850 ·
107 1834 160 1878 A.
194 1832 292 1877 Mai
338 1835 459 1876 auct.
502 1831 777 1875 class..V1[[
802 1837 886 1876 178
929 1832 1189 1888 ‘delitor,
1237 1831 1318 1888 qui
1356 1831 1563 1887 aliquem
1601 1831 1786 1876 occidit.

108 1892 298 1937 Accius:
324 1891 500 1935 fictor
524 1890 821 1946 scelerum,
845 1890 1050 1935 fratris
1076 1891 1304 1935 deditor
1328 1890 1574 1935 delitor.'
1608 1890 1787 1934 Ibidem

108 1957 192 1996 301
237 1951 339 1995 ‘hic
368 1949 637 2007 perlitor,
668 1949 732 1993 ris
765 1949 821 1992 -i-
855 1950 1052 2006 occisor,
1084 1951 1207 1994 unde
1239 1950 1427 1995 Accius:
1463 1950 1639 1994 fictor
1670 1964 1788 1994 sce-

108 2010 307 2066 lerum,
360 2009 563 2053 fratris
618 2008 895 2066 perlitor.’
970 2009 1171 2054 Videtur
1222 2009 1481 2066 perditor
1533 2008 1583 2052 in
1629 2008 1788 2065 aliquo

110 2069 269 2114 codice
300 2068 528 2114 traditum
559 2067 723 2113 fuisse:
755 2083 817 2112 an
849 2069 1084 2124 sequentis
1117 2083 1277 2113 versus
1310 2068 1460 2113 exitus
1491 2082 1790 2125 puerorum

110 2128 370 2186 perditor
399 2127 521 2172 fuit?

900 2195 998 2242 XII

1081 2263 1366 2332 concoquit
1776 2287 1779 2291 ·
1791 2274 1878 2313 220

110 2351 325 2404 Partem
363 2369 562 2419 uapore
601 2351 866 2420 flammae,
904 2351 1122 2404 neribus
1161 2351 1219 2403 1'n
1256 2351 1374 2403 foco

110 2440 333 2493 Lacerta
370 2439 576 2491 tribuit.

238 2533 357 2577 Non.
391 2538 497 2588 210,
523 2537 580 2576 30
623 2531 858 2576 ‘lacerti
895 2532 1076 2590 generis
1108 2530 1368 2577 masculini.
1429 2529 1597 2574 Neutri
1626 2529 1794 2573 Accius

115 2593 280 2637 Atreo:
314 2591 563 2647 concoquit
588 2627 596 2635 .
619 2627 628 2635 .
649 2627 658 2635 .
684 2591 861 2635 lacerta
890 2591 940 2635 in
970 2592 1111 2637 focos.
1158 2592 1282 2636 Loca
1304 2588 1486 2647 generis
1511 2591 1620 2632 sunt
1641 2588 1797 2632 neutri

212 2650 484 2694 masculini’
521 2665 558 2694 e.
593 2665 635 2706 q.
670 2665 703 2694 s.
739 2650 988 2707 (lacerta.
1050 2651 1225 2695 Locos
1259 2649 1450 2692 dixere
1481 2661 1599 2705 gen.
1631 2661 1793 2692 masc.

114 2710 262 2753 Loca
292 2709 519 2765 generis
553 2712 686 2753 sunt
715 2709 907 2753 neutri
937 2710 1131 2754 Vossius
1164 2708 1451 2764 dubitanter)
1791 2707 1796 2711 ’

239 2796 264 2833 2
296 2790 512 2835 flammae
545 2791 728 2835 Vossius
757 2782 993 2835 flammam
1024 2809 1059 2835 ω
1168 2788 1355 2834 neribus
1386 2787 1437 2831 in
1465 2787 1570 2831 foco
1600 2787 1798 2831 Lacerta

117 2848 286 2892 tribuit
337 2851 406 2894 vel
449 2849 619 2893 tribuit
663 2849 714 2892 in
759 2849 862 2893 foco
905 2849 1103 2894 Veribus
1150 2849 1327 2892 lacerta
1371 2847 1585 2891 ordinavi
1629 2845 1798 2890 tribuit

120 2907 309 2951 neribus
340 2908 519 2952 lacerta
549 2908 599 2952 in
630 2908 758 2953 focos
791 2925 826 2952 ω
859 2907 926 2966 (in
954 2909 1060 2953 foco
1093 2909 1277 2955 Vossius
1308 2906 1358 2950 in
1387 2905 1531 2950 foceis
1562 2907 1611 2962 x)
