<?xml version="1.0" encoding="UTF-8"?>
<!DOCTYPE html PUBLIC "-//W3C//DTD XHTML 1.0 Transitional//EN"
    "http://www.w3.org/TR/xhtml1/DTD/xhtml1-transitional.dtd">
<html xmlns="http://www.w3.org/1999/xhtml" xml:lang="en" lang="en">
 <head>
  <title>
</title>
<meta http-equiv="Content-Type" content="text/html;charset=utf-8" />
  <meta name='ocr-system' content='tesseract 3.04.00' />
  <meta name='ocr-capabilities' content='ocr_page ocr_carea ocr_par ocr_line ocrx_word'/>
</head>
<body>
  <div class='ocr_page' id='page_1' title='image "./fragscaenicaeromr01ribbuoft_0192.png"; bbox 0 0 1980 3146; ppageno 0'>
   <div class='ocr_carea' id='block_1_1' title="bbox 177 96 1162 151">
    <p class='ocr_par' dir='ltr' id='par_1_1' title="bbox 177 96 1162 151">
     <span class='ocr_line' id='line_1_1' title="bbox 177 96 1162 151; baseline -0.01 0"><span class='ocrx_word' id='word_1_1' title='bbox 177 98 284 151; x_wconf 89' lang='lat'><strong>180</strong></span> <span class='ocrx_word' id='word_1_2' title='bbox 869 97 919 142; x_wconf 91' lang='lat' dir='ltr'><strong>L.</strong></span> <span class='ocrx_word' id='word_1_3' title='bbox 952 96 1162 142; x_wconf 83' lang='lat' dir='ltr'>ACCIVS</span> 
     </span>
    </p>
   </div>
   <div class='ocr_carea' id='block_1_2' title="bbox 86 236 1776 471">
    <p class='ocr_par' dir='ltr' id='par_1_2' title="bbox 86 236 1776 471">
     <span class='ocr_line' id='line_1_2' title="bbox 951 236 1077 284; baseline 0.008 -1"><span class='ocrx_word' id='word_1_4' title='bbox 951 236 1077 284; x_wconf 89' lang='lat' dir='ltr'><strong>VIII</strong></span> 
     </span>
     <span class='ocr_line' id='line_1_3' title="bbox 86 328 1776 400; baseline -0.001 -15"><span class='ocrx_word' id='word_1_5' title='bbox 86 346 173 385; x_wconf 83' lang='lat'><strong>154</strong></span> <span class='ocrx_word' id='word_1_6' title='bbox 189 328 315 383; x_wconf 89' lang='lat' dir='ltr'><strong>&#39;Vbi</strong></span> <span class='ocrx_word' id='word_1_7' title='bbox 354 347 478 381; x_wconf 86' lang='lat' dir='ltr'><strong>cura</strong></span> <span class='ocrx_word' id='word_1_8' title='bbox 517 331 618 397; x_wconf 71' lang='lat' dir='ltr'><strong>est,</strong></span> <span class='ocrx_word' id='word_1_9' title='bbox 656 328 736 380; x_wconf 90' lang='lat' dir='ltr'><strong>ibi</strong></span> <span class='ocrx_word' id='word_1_10' title='bbox 773 328 1029 381; x_wconf 66' lang='lat' dir='ltr'><strong>anxibudo</strong></span> <span class='ocrx_word' id='word_1_11' title='bbox 1069 328 1332 399; x_wconf 71' lang='lat' dir='ltr'><strong>acerbasiz,</strong></span> <span class='ocrx_word' id='word_1_12' title='bbox 1370 329 1447 382; x_wconf 86' lang='lat' dir='ltr'><strong>ibi</strong></span> <span class='ocrx_word' id='word_1_13' title='bbox 1485 331 1776 400; x_wconf 73' lang='lat' dir='ltr'><strong>cunetatio,</strong></span> 
     </span>
     <span class='ocr_line' id='line_1_4' title="bbox 246 417 1267 471; baseline -0.002 0"><span class='ocrx_word' id='word_1_14' title='bbox 246 417 603 471; x_wconf 83' lang='lat' dir='ltr'><strong>C6nsiliorum</strong></span> <span class='ocrx_word' id='word_1_15' title='bbox 642 417 837 470; x_wconf 79' lang='lat' dir='ltr'><strong>erratio</strong></span> <span class='ocrx_word' id='word_1_16' title='bbox 879 420 932 470; x_wconf 72' lang='lat' dir='ltr'><strong>et</strong></span> <span class='ocrx_word' id='word_1_17' title='bbox 970 417 1267 470; x_wconf 76' lang='lat' dir='ltr'><strong>fortunaest</strong></span> 
     </span>
    </p>
   </div>
   <div class='ocr_carea' id='block_1_3' title="bbox 169 510 1856 641">
    <p class='ocr_par' dir='ltr' id='par_1_3' title="bbox 169 510 1856 641">
     <span class='ocr_line' id='line_1_5' title="bbox 287 510 1856 605; baseline 0 -35"><span class='ocrx_word' id='word_1_18' title='bbox 287 526 406 570; x_wconf 88' lang='lat' dir='ltr'><strong>Non.</strong></span> <span class='ocrx_word' id='word_1_19' title='bbox 435 516 505 582; x_wconf 84' lang='grc'><strong>72,</strong></span> <span class='ocrx_word' id='word_1_20' title='bbox 530 529 586 569; x_wconf 85' lang='grc'><strong>28</strong></span> <span class='ocrx_word' id='word_1_21' title='bbox 621 510 940 570; x_wconf 60' lang='grc' dir='ltr'>*3,11Χ1ᾑιιᾶο.</span> <span class='ocrx_word' id='word_1_22' title='bbox 988 525 1157 570; x_wconf 81' lang='lat' dir='ltr'><strong>Accius</strong></span> <span class='ocrx_word' id='word_1_23' title='bbox 1189 526 1490 605; x_wconf 82' lang='lat' dir='ltr'>Eurysace..</span> <span class='ocrx_word' id='word_1_24' title='bbox 1511 527 1671 572; x_wconf 89' lang='lat' dir='ltr'><strong>.idem</strong></span> <span class='ocrx_word' id='word_1_25' title='bbox 1694 528 1856 570; x_wconf 90' lang='lat' dir='ltr'><strong>Armo-</strong></span> 
     </span>
     <span class='ocr_line' id='line_1_6' title="bbox 169 583 957 641; baseline -0.001 -12"><span class='ocrx_word' id='word_1_26' title='bbox 169 601 273 629; x_wconf 88' lang='lat' dir='ltr'><strong>rum</strong></span> <span class='ocrx_word' id='word_1_27' title='bbox 302 584 498 630; x_wconf 81' lang='lat' dir='ltr'><strong>iudieio:</strong></span> <span class='ocrx_word' id='word_1_28' title='bbox 531 583 638 628; x_wconf 90' lang='lat' dir='ltr'><strong>ubi’</strong></span> <span class='ocrx_word' id='word_1_29' title='bbox 674 598 712 630; x_wconf 88' lang='lat' dir='ltr'><strong>e.</strong></span> <span class='ocrx_word' id='word_1_30' title='bbox 746 600 790 641; x_wconf 90' lang='lat' dir='ltr'><strong>q.</strong></span> <span class='ocrx_word' id='word_1_31' title='bbox 824 599 860 629; x_wconf 83' lang='lat' dir='ltr'><strong>s.</strong></span> <span class='ocrx_word' id='word_1_32' title='bbox 954 606 957 609; x_wconf 49' lang='lat'><strong>⁴</strong></span> 
     </span>
    </p>
   </div>
   <div class='ocr_carea' id='block_1_4' title="bbox 169 681 1855 905">
    <p class='ocr_par' dir='ltr' id='par_1_4' title="bbox 169 681 1855 905">
     <span class='ocr_line' id='line_1_7' title="bbox 292 681 1798 739; baseline 0.001 -14"><span class='ocrx_word' id='word_1_33' title='bbox 292 689 312 725; x_wconf 89' lang='grc'><strong>1</strong></span> <span class='ocrx_word' id='word_1_34' title='bbox 339 682 559 727; x_wconf 78' lang='lat' dir='ltr'><strong><em>Restituit</em></strong></span> <span class='ocrx_word' id='word_1_35' title='bbox 575 688 735 738; x_wconf 78' lang='lat' dir='ltr'><strong>poetae</strong></span> <span class='ocrx_word' id='word_1_36' title='bbox 754 682 889 726; x_wconf 76' lang='lat' dir='ltr'><strong>verba</strong></span> <span class='ocrx_word' id='word_1_37' title='bbox 913 682 1030 736; x_wconf 81' lang='lat' dir='ltr'><strong>Bue,</strong></span> <span class='ocrx_word' id='word_1_38' title='bbox 1053 683 1147 726; x_wconf 76' lang='lat' dir='ltr'><strong><em>nisi</em></strong></span> <span class='ocrx_word' id='word_1_39' title='bbox 1169 683 1289 739; x_wconf 76' lang='lat' dir='ltr'><strong>quod</strong></span> <span class='ocrx_word' id='word_1_40' title='bbox 1311 683 1384 727; x_wconf 84' lang='lat' dir='ltr'><strong>hic</strong></span> <span class='ocrx_word' id='word_1_41' title='bbox 1407 681 1476 726; x_wconf 90' lang='lat' dir='ltr'><strong>ibi</strong></span> <span class='ocrx_word' id='word_1_42' title='bbox 1508 696 1618 726; x_wconf 81' lang='lat' dir='ltr'><strong>cura</strong></span> <span class='ocrx_word' id='word_1_43' title='bbox 1642 683 1798 727; x_wconf 78' lang='lat' dir='ltr'><strong><em>scribit</em></strong></span> 
     </span>
     <span class='ocr_line' id='line_1_8' title="bbox 170 739 1855 797; baseline -0.001 -11"><span class='ocrx_word' id='word_1_44' title='bbox 170 741 362 786; x_wconf 73' lang='lat' dir='ltr'><strong>acerbat</strong></span> <span class='ocrx_word' id='word_1_45' title='bbox 392 740 461 784; x_wconf 88' lang='lat' dir='ltr'><strong>ibi</strong></span> <span class='ocrx_word' id='word_1_46' title='bbox 493 743 661 784; x_wconf 74' lang='lat' dir='ltr'><strong>cuncta</strong></span> <span class='ocrx_word' id='word_1_47' title='bbox 693 739 994 784; x_wconf 83' lang='lat' dir='ltr'><strong>consiliorum</strong></span> <span class='ocrx_word' id='word_1_48' title='bbox 1023 739 1145 785; x_wconf 70' lang='lat' dir='ltr'><strong>ratio</strong></span> <span class='ocrx_word' id='word_1_49' title='bbox 1179 743 1227 785; x_wconf 72' lang='lat' dir='ltr'><strong>et</strong></span> <span class='ocrx_word' id='word_1_50' title='bbox 1256 741 1472 785; x_wconf 74' lang='lat' dir='ltr'><strong>fortunae</strong></span> <span class='ocrx_word' id='word_1_51' title='bbox 1497 740 1564 785; x_wconf 83' lang='lat' dir='ltr'><strong>sie</strong></span> <span class='ocrx_word' id='word_1_52' title='bbox 1588 742 1672 797; x_wconf 85' lang='lat' dir='ltr'><strong>(vel</strong></span> <span class='ocrx_word' id='word_1_53' title='bbox 1703 739 1781 797; x_wconf 76' lang='lat' dir='ltr'><strong>sit)</strong></span> <span class='ocrx_word' id='word_1_54' title='bbox 1805 757 1855 796; x_wconf 83' lang='grc' dir='ltr'><strong>ω,</strong></span> 
     </span>
     <span class='ocr_line' id='line_1_9' title="bbox 169 799 1854 905; baseline -0.001 -61"><span class='ocrx_word' id='word_1_55' title='bbox 169 816 289 905; x_wconf 49' lang='lat' dir='ltr'><em>7123an</em></span> <span class='ocrx_word' id='word_1_56' title='bbox 293 802 424 904; x_wconf 53' lang='grc' dir='ltr'>ςμέοἵεέ</span> <span class='ocrx_word' id='word_1_57' title='bbox 435 799 711 844; x_wconf 70' lang='lat' dir='ltr'><strong>fortitudine</strong></span> <span class='ocrx_word' id='word_1_58' title='bbox 736 800 792 844; x_wconf 91' lang='lat' dir='ltr'><em>H</em></span> <span class='ocrx_word' id='word_1_59' title='bbox 878 799 1151 844; x_wconf 65' lang='lat' dir='ltr'><strong>sollicitatio</strong></span> <span class='ocrx_word' id='word_1_60' title='bbox 1175 802 1228 845; x_wconf 70' lang='lat' dir='ltr'><strong>in</strong></span> <span class='ocrx_word' id='word_1_61' title='bbox 1250 807 1444 845; x_wconf 77' lang='lat' dir='ltr'><strong>extremo</strong></span> <span class='ocrx_word' id='word_1_62' title='bbox 1468 815 1507 845; x_wconf 82' lang='lat' dir='ltr'><strong>v.</strong></span> <span class='ocrx_word' id='word_1_63' title='bbox 1535 806 1560 844; x_wconf 86' lang='grc'><strong>2</strong></span> <span class='ocrx_word' id='word_1_64' title='bbox 1582 814 1719 857; x_wconf 67' lang='lat' dir='ltr'><strong>prop.v</strong></span> <span class='ocrx_word' id='word_1_65' title='bbox 1741 806 1854 858; x_wconf 78' lang='lat' dir='ltr'><strong>tray.</strong></span> 
     </span>
    </p>
   </div>
   <div class='ocr_carea' id='block_1_5' title="bbox 30 970 1857 1220">
    <p class='ocr_par' dir='ltr' id='par_1_5' title="bbox 30 970 1857 1220">
     <span class='ocr_line' id='line_1_10' title="bbox 981 970 1052 1017; baseline -0.014 0"><span class='ocrx_word' id='word_1_66' title='bbox 981 970 1052 1017; x_wconf 93' lang='lat' dir='ltr'>IX</span> 
     </span>
     <span class='ocr_line' id='line_1_11' title="bbox 30 1044 1857 1131; baseline -0.001 -17"><span class='ocrx_word' id='word_1_67' title='bbox 30 1044 33 1047; x_wconf 28' lang='lat'>&#39;</span> <span class='ocrx_word' id='word_1_68' title='bbox 83 1076 166 1114; x_wconf 82' lang='lat'><strong>155</strong></span> <span class='ocrx_word' id='word_1_69' title='bbox 186 1063 331 1116; x_wconf 78' lang='lat' dir='ltr'><strong>Bene</strong></span> <span class='ocrx_word' id='word_1_70' title='bbox 361 1062 514 1114; x_wconf 81' lang='lat' dir='ltr'><strong>facis:</strong></span> <span class='ocrx_word' id='word_1_71' title='bbox 546 1062 638 1115; x_wconf 85' lang='lat' dir='ltr'><strong>sed</strong></span> <span class='ocrx_word' id='word_1_72' title='bbox 667 1064 810 1115; x_wconf 82' lang='lat' dir='ltr'><strong>mine</strong></span> <span class='ocrx_word' id='word_1_73' title='bbox 841 1062 970 1131; x_wconf 88' lang='lat' dir='ltr'><strong>quid</strong></span> <span class='ocrx_word' id='word_1_74' title='bbox 997 1062 1164 1114; x_wconf 75' lang='lat' dir='ltr'><strong>subiti</strong></span> <span class='ocrx_word' id='word_1_75' title='bbox 1188 1061 1324 1117; x_wconf 81' lang='lat' dir='ltr'><strong>mihi</strong></span> <span class='ocrx_word' id='word_1_76' title='bbox 1348 1061 1514 1114; x_wconf 80' lang='lat' dir='ltr'><strong>febris</strong></span> <span class='ocrx_word' id='word_1_77' title='bbox 1538 1061 1670 1114; x_wconf 78' lang='lat' dir='ltr'><strong>ciust</strong></span> <span class='ocrx_word' id='word_1_78' title='bbox 1694 1060 1857 1114; x_wconf 76' lang='lat' dir='ltr'><strong>mali?</strong></span> 
     </span>
     <span class='ocr_line' id='line_1_12' title="bbox 286 1161 1483 1220; baseline 0 -13"><span class='ocrx_word' id='word_1_79' title='bbox 286 1163 407 1208; x_wconf 87' lang='lat' dir='ltr'>Non.</span> <span class='ocrx_word' id='word_1_80' title='bbox 436 1166 535 1220; x_wconf 79' lang='lat'>173,</span> <span class='ocrx_word' id='word_1_81' title='bbox 561 1167 616 1206; x_wconf 84' lang='lat'><strong>29</strong></span> <span class='ocrx_word' id='word_1_82' title='bbox 651 1162 861 1207; x_wconf 77' lang='lat' dir='ltr'><strong>‘subiti</strong></span> <span class='ocrx_word' id='word_1_83' title='bbox 893 1161 1071 1207; x_wconf 70' lang='lat' dir='ltr'><strong>dietum</strong></span> <span class='ocrx_word' id='word_1_84' title='bbox 1100 1177 1185 1220; x_wconf 86' lang='lat' dir='ltr'><strong>pro</strong></span> <span class='ocrx_word' id='word_1_85' title='bbox 1216 1161 1483 1220; x_wconf 60' lang='lat' dir='ltr'><strong>repentini?</strong></span> 
     </span>
    </p>
   </div>
   <div class='ocr_carea' id='block_1_6' title="bbox 170 1257 1859 1366">
    <p class='ocr_par' dir='ltr' id='par_1_6' title="bbox 170 1257 1859 1364">
     <span class='ocr_line' id='line_1_13' title="bbox 288 1257 1859 1317; baseline -0.001 -13.958"><span class='ocrx_word' id='word_1_86' title='bbox 288 1259 370 1316; x_wconf 90' lang='lat' dir='ltr'><strong>qui</strong></span> <span class='ocrx_word' id='word_1_87' title='bbox 401 1260 504 1303; x_wconf 88' lang='lat' dir='ltr'><strong>HL</strong></span> <span class='ocrx_word' id='word_1_88' title='bbox 592 1258 737 1303; x_wconf 84' lang='lat' dir='ltr'><strong>febris</strong></span> <span class='ocrx_word' id='word_1_89' title='bbox 769 1259 937 1303; x_wconf 73' lang='lat' dir='ltr'><strong>esciuit</strong></span> <span class='ocrx_word' id='word_1_90' title='bbox 968 1278 1017 1315; x_wconf 89' lang='grc' dir='ltr'><strong>ω,</strong></span> <span class='ocrx_word' id='word_1_91' title='bbox 1047 1266 1188 1306; x_wconf 80' lang='lat' dir='ltr'><strong>metro</strong></span> <span class='ocrx_word' id='word_1_92' title='bbox 1218 1274 1313 1304; x_wconf 68' lang='lat' dir='ltr'><strong><em>‘non</em></strong></span> <span class='ocrx_word' id='word_1_93' title='bbox 1342 1273 1598 1317; x_wconf 76' lang='lat' dir='ltr'><strong>repuynare</strong></span> <span class='ocrx_word' id='word_1_94' title='bbox 1628 1259 1742 1303; x_wconf 81' lang='lat' dir='ltr'><strong><em>dicit</em></strong></span> <span class='ocrx_word' id='word_1_95' title='bbox 1764 1257 1859 1302; x_wconf 87' lang='lat' dir='ltr'><strong>Leo</strong></span> 
     </span>
     <span class='ocr_line' id='line_1_14' title="bbox 170 1317 1771 1366; baseline -0.002 -2"><span class='ocrx_word' id='word_1_96' title='bbox 170 1321 243 1366; x_wconf 83' lang='lat' dir='ltr'><strong>Pl.</strong></span> <span class='ocrx_word' id='word_1_97' title='bbox 277 1320 334 1364; x_wconf 83' lang='lat' dir='ltr'><strong>F.</strong></span> <span class='ocrx_word' id='word_1_98' title='bbox 367 1323 452 1363; x_wconf 81' lang='lat'><strong>245</strong></span> <span class='ocrx_word' id='word_1_99' title='bbox 499 1318 679 1363; x_wconf 85' lang='lat' dir='ltr'>febrem</span> <span class='ocrx_word' id='word_1_100' title='bbox 724 1318 898 1363; x_wconf 74' lang='lat' dir='ltr'><strong>exciuit</strong></span> <span class='ocrx_word' id='word_1_101' title='bbox 937 1320 1137 1364; x_wconf 76' lang='lat' dir='ltr'><strong><em>Bothius</em></strong></span> <span class='ocrx_word' id='word_1_102' title='bbox 1178 1318 1307 1363; x_wconf 84' lang='lat' dir='ltr'><strong>fibris</strong></span> <span class='ocrx_word' id='word_1_103' title='bbox 1351 1320 1540 1362; x_wconf 72' lang='lat' dir='ltr'><strong>aestuat</strong></span> <span class='ocrx_word' id='word_1_104' title='bbox 1582 1317 1771 1362; x_wconf 80' lang='lat' dir='ltr'><strong>Grotius</strong></span> 
     </span>
    </p>
   </div>
   <div class='ocr_carea' id='block_1_7' title="bbox 168 1375 1946 1446">
    <p class='ocr_par' dir='ltr' id='par_1_7' title="bbox 168 1375 1946 1446">
     <span class='ocr_line' id='line_1_15' title="bbox 168 1375 1946 1446; baseline -0.003 -23"><span class='ocrx_word' id='word_1_105' title='bbox 168 1378 304 1446; x_wconf 87' lang='lat' dir='ltr'><strong>mali]</strong></span> <span class='ocrx_word' id='word_1_106' title='bbox 336 1377 453 1422; x_wconf 81' lang='lat' dir='ltr'><strong>mihi</strong></span> <span class='ocrx_word' id='word_1_107' title='bbox 484 1378 528 1421; x_wconf 90' lang='lat' dir='ltr'><strong><em>L</em></strong></span> <span class='ocrx_word' id='word_1_108' title='bbox 624 1378 743 1422; x_wconf 89' lang='lat' dir='ltr'><strong>bene</strong></span> <span class='ocrx_word' id='word_1_109' title='bbox 774 1377 913 1423; x_wconf 81' lang='lat' dir='ltr'><strong>facis·</strong></span> <span class='ocrx_word' id='word_1_110' title='bbox 948 1379 1031 1423; x_wconf 82' lang='lat' dir='ltr'><strong>sed</strong></span> <span class='ocrx_word' id='word_1_111' title='bbox 1061 1393 1174 1422; x_wconf 86' lang='lat' dir='ltr'><strong>num</strong></span> <span class='ocrx_word' id='word_1_112' title='bbox 1206 1377 1323 1435; x_wconf 87' lang='lat' dir='ltr'><strong>quid</strong></span> <span class='ocrx_word' id='word_1_113' title='bbox 1356 1377 1503 1421; x_wconf 73' lang='lat' dir='ltr'><strong>subiti</strong></span> <span class='ocrx_word' id='word_1_114' title='bbox 1532 1375 1650 1420; x_wconf 88' lang='lat' dir='ltr'><strong>mihi</strong></span> <span class='ocrx_word' id='word_1_115' title='bbox 1683 1375 1860 1420; x_wconf 80' lang='lat' dir='ltr'><strong>febrem</strong></span> <span class='ocrx_word' id='word_1_116' title='bbox 1942 1432 1946 1436; x_wconf 93' lang='lat'><em>.</em></span> 
     </span>
    </p>
   </div>
   <div class='ocr_carea' id='block_1_8' title="bbox 170 1436 853 1483">
    <p class='ocr_par' dir='ltr' id='par_1_8' title="bbox 170 1436 853 1483">
     <span class='ocr_line' id='line_1_16' title="bbox 170 1436 853 1483; baseline 0 -1"><span class='ocrx_word' id='word_1_117' title='bbox 170 1437 346 1483; x_wconf 69' lang='lat' dir='ltr'><strong>exciuit</strong></span> <span class='ocrx_word' id='word_1_118' title='bbox 375 1436 521 1482; x_wconf 83' lang='lat' dir='ltr'><strong>mali?</strong></span> <span class='ocrx_word' id='word_1_119' title='bbox 553 1437 853 1482; x_wconf 64' lang='lat' dir='ltr'><strong>Hermotimus</strong></span> 
     </span>
    </p>
   </div>
   <div class='ocr_carea' id='block_1_9' title="bbox 997 1549 1042 1595">
    <p class='ocr_par' dir='ltr' id='par_1_9' title="bbox 997 1549 1042 1595">
     <span class='ocr_line' id='line_1_17' title="bbox 997 1549 1042 1595; baseline 0 0"><span class='ocrx_word' id='word_1_120' title='bbox 997 1549 1042 1595; x_wconf 94' lang='lat' dir='ltr'>X</span> 
     </span>
    </p>
   </div>
   <div class='ocr_carea' id='block_1_10' title="bbox 170 1638 1361 1710">
    <p class='ocr_par' dir='ltr' id='par_1_10' title="bbox 170 1638 1361 1710">
     <span class='ocr_line' id='line_1_18' title="bbox 170 1638 1361 1710; baseline -0.001 -17"><span class='ocrx_word' id='word_1_121' title='bbox 170 1639 378 1693; x_wconf 60' lang='lat' dir='ltr'><strong>Virtuti</strong></span> <span class='ocrx_word' id='word_1_122' title='bbox 415 1639 488 1691; x_wconf 82' lang='lat' dir='ltr'><strong>sis</strong></span> <span class='ocrx_word' id='word_1_123' title='bbox 525 1658 643 1708; x_wconf 84' lang='lat' dir='ltr'><strong>par,</strong></span> <span class='ocrx_word' id='word_1_124' title='bbox 683 1638 863 1708; x_wconf 76' lang='lat' dir='ltr'><strong>dispar</strong></span> <span class='ocrx_word' id='word_1_125' title='bbox 901 1639 1134 1692; x_wconf 69' lang='lat' dir='ltr'><strong>fortunis</strong></span> <span class='ocrx_word' id='word_1_126' title='bbox 1172 1640 1361 1710; x_wconf 73' lang='lat' dir='ltr'><strong>patrie.</strong></span> 
     </span>
    </p>
   </div>
   <div class='ocr_carea' id='block_1_11' title="bbox 134 1738 1857 1875">
    <p class='ocr_par' dir='ltr' id='par_1_11' title="bbox 134 1738 1857 1858">
     <span class='ocr_line' id='line_1_19' title="bbox 134 1738 1855 1799; baseline -0.001 -16"><span class='ocrx_word' id='word_1_127' title='bbox 134 1787 137 1790; x_wconf 61' lang='grc'>,</span> <span class='ocrx_word' id='word_1_128' title='bbox 289 1739 554 1784; x_wconf 83' lang='lat' dir='ltr'><strong>Macrobius</strong></span> <span class='ocrx_word' id='word_1_129' title='bbox 579 1740 675 1784; x_wconf 75' lang='lat' dir='ltr'><strong>Sat.</strong></span> <span class='ocrx_word' id='word_1_130' title='bbox 688 1740 753 1784; x_wconf 91' lang='lat' dir='ltr'><strong>VI</strong></span> <span class='ocrx_word' id='word_1_131' title='bbox 771 1746 810 1797; x_wconf 91' lang='lat'><strong>1,</strong></span> <span class='ocrx_word' id='word_1_132' title='bbox 829 1746 886 1785; x_wconf 85' lang='lat'><strong>58</strong></span> <span class='ocrx_word' id='word_1_133' title='bbox 913 1740 1173 1798; x_wconf 81' lang='lat' dir='ltr'><strong>‘Vergilius</strong></span> <span class='ocrx_word' id='word_1_134' title='bbox 1199 1741 1333 1799; x_wconf 90' lang='lat' dir='ltr'><strong>[Aen.</strong></span> <span class='ocrx_word' id='word_1_135' title='bbox 1358 1740 1443 1784; x_wconf 87' lang='lat' dir='ltr'>XII</span> <span class='ocrx_word' id='word_1_136' title='bbox 1468 1744 1553 1784; x_wconf 86' lang='lat'><strong>435</strong></span> <span class='ocrx_word' id='word_1_137' title='bbox 1572 1741 1660 1798; x_wconf 69' lang='lat' dir='ltr'><strong>sq]</strong></span> <span class='ocrx_word' id='word_1_138' title='bbox 1686 1738 1855 1783; x_wconf 83' lang='lat' dir='ltr'><strong>Accius</strong></span> 
     </span>
     <span class='ocr_line' id='line_1_20' title="bbox 171 1798 1857 1875; baseline 0.001 -34"><span class='ocrx_word' id='word_1_139' title='bbox 171 1798 221 1842; x_wconf 97' lang='grc'><strong>111</strong></span> <span class='ocrx_word' id='word_1_140' title='bbox 251 1799 498 1844; x_wconf 82' lang='lat' dir='ltr'><strong>Armorum</strong></span> <span class='ocrx_word' id='word_1_141' title='bbox 526 1798 737 1844; x_wconf 87' lang='lat' dir='ltr'><strong>iudicio.</strong></span> <span class='ocrx_word' id='word_1_142' title='bbox 758 1801 816 1844; x_wconf 91' lang='lat'><strong>..’</strong></span> <span class='ocrx_word' id='word_1_143' title='bbox 867 1800 1116 1844; x_wconf 77' lang='lat' dir='ltr'><strong>Translata</strong></span> <span class='ocrx_word' id='word_1_144' title='bbox 1141 1814 1197 1844; x_wconf 83' lang='lat' dir='ltr'><strong>ex</strong></span> <span class='ocrx_word' id='word_1_145' title='bbox 1222 1799 1465 1875; x_wconf 84' lang='lat' dir='ltr'>Sophoclis</span> <span class='ocrx_word' id='word_1_146' title='bbox 1490 1798 1634 1843; x_wconf 75' lang='lat' dir='ltr'><strong>Ajace</strong></span> <span class='ocrx_word' id='word_1_147' title='bbox 1665 1800 1726 1855; x_wconf 84' lang='lat' dir='ltr'><strong>(v.</strong></span> <span class='ocrx_word' id='word_1_148' title='bbox 1752 1800 1857 1853; x_wconf 84' lang='lat'>550)</span> 
     </span>
    </p>
   </div>
   <div class='ocr_carea' id='block_1_12' title="bbox 171 1854 1856 1974">
    <p class='ocr_par' dir='ltr' id='par_1_12' title="bbox 171 1854 1856 1974">
     <span class='ocr_line' id='line_1_21' title="bbox 173 1854 1856 1933; baseline -0.001 -31"><span class='ocrx_word' id='word_1_149' title='bbox 173 1854 208 1902; x_wconf 84' lang='grc' dir='ltr'>ὦ</span> <span class='ocrx_word' id='word_1_150' title='bbox 248 1866 355 1915; x_wconf 84' lang='grc' dir='ltr'>παῖ,</span> <span class='ocrx_word' id='word_1_151' title='bbox 403 1855 557 1933; x_wconf 60' lang='grc' dir='ltr'>γένριο</span> <span class='ocrx_word' id='word_1_152' title='bbox 596 1859 772 1915; x_wconf 78' lang='grc' dir='ltr'><em>πατρὸς</em></span> <span class='ocrx_word' id='word_1_153' title='bbox 810 1857 1149 1918; x_wconf 81' lang='grc' dir='ltr'><em>εὐτυχέστερος,</em></span> <span class='ocrx_word' id='word_1_154' title='bbox 1202 1859 1274 1904; x_wconf 81' lang='grc' dir='ltr'><strong>Τὰ</strong></span> <span class='ocrx_word' id='word_1_155' title='bbox 1315 1858 1361 1904; x_wconf 82' lang='grc' dir='ltr'><strong>δ’</strong></span> <span class='ocrx_word' id='word_1_156' title='bbox 1406 1857 1507 1903; x_wconf 77' lang='grc' dir='ltr'><strong>ἄλλ’</strong></span> <span class='ocrx_word' id='word_1_157' title='bbox 1551 1857 1728 1916; x_wconf 86' lang='grc' dir='ltr'>ομοιος·</span> <span class='ocrx_word' id='word_1_158' title='bbox 1779 1857 1856 1901; x_wconf 83' lang='grc' dir='ltr'><strong>καὶ</strong></span> 
     </span>
     <span class='ocr_line' id='line_1_22' title="bbox 171 1916 1491 1974; baseline -0.001 -12"><span class='ocrx_word' id='word_1_159' title='bbox 171 1916 315 1974; x_wconf 80' lang='grc' dir='ltr'>γένοι’</span> <span class='ocrx_word' id='word_1_160' title='bbox 351 1935 412 1963; x_wconf 87' lang='grc' dir='ltr'><strong>αν</strong></span> <span class='ocrx_word' id='word_1_161' title='bbox 444 1934 498 1962; x_wconf 86' lang='lat' dir='ltr'><strong>ov</strong></span> <span class='ocrx_word' id='word_1_162' title='bbox 530 1916 685 1968; x_wconf 81' lang='grc' dir='ltr'><strong><em>κακός.</em></strong></span> <span class='ocrx_word' id='word_1_163' title='bbox 1489 1947 1491 1949; x_wconf 96' lang='grc'>-</span> 
     </span>
    </p>
   </div>
   <div class='ocr_carea' id='block_1_13' title="bbox 290 2005 742 2052">
    <p class='ocr_par' dir='ltr' id='par_1_13' title="bbox 290 2005 742 2052">
     <span class='ocr_line' id='line_1_23' title="bbox 290 2005 742 2052; baseline 0.007 -3"><span class='ocrx_word' id='word_1_164' title='bbox 290 2005 464 2050; x_wconf 71' lang='lat' dir='ltr'><strong>uirtute</strong></span> <span class='ocrx_word' id='word_1_165' title='bbox 496 2007 742 2052; x_wconf 71' lang='lat' dir='ltr'><strong>Fraterius</strong></span> 
     </span>
    </p>
   </div>
   <div class='ocr_carea' id='block_1_14' title="bbox 984 2074 1055 2121">
    <p class='ocr_par' dir='ltr' id='par_1_14' title="bbox 984 2074 1055 2121">
     <span class='ocr_line' id='line_1_24' title="bbox 984 2074 1055 2121; baseline 0 0"><span class='ocrx_word' id='word_1_166' title='bbox 984 2074 1055 2121; x_wconf 92' lang='lat' dir='ltr'><strong>XI</strong></span> 
     </span>
    </p>
   </div>
   <div class='ocr_carea' id='block_1_15' title="bbox 173 2161 1724 2411">
    <p class='ocr_par' dir='ltr' id='par_1_15' title="bbox 173 2161 1724 2411">
     <span class='ocr_line' id='line_1_25' title="bbox 173 2161 1724 2234; baseline 0 -20"><span class='ocrx_word' id='word_1_167' title='bbox 173 2162 335 2231; x_wconf 90' lang='lat' dir='ltr'><strong>Hem,</strong></span> <span class='ocrx_word' id='word_1_168' title='bbox 372 2164 562 2216; x_wconf 77' lang='lat' dir='ltr'><strong>uereor</strong></span> <span class='ocrx_word' id='word_1_169' title='bbox 597 2165 720 2234; x_wconf 81' lang='lat' dir='ltr'><strong>plus</strong></span> <span class='ocrx_word' id='word_1_170' title='bbox 760 2184 920 2234; x_wconf 90' lang='lat' dir='ltr'><strong>quam</strong></span> <span class='ocrx_word' id='word_1_171' title='bbox 959 2165 1039 2217; x_wconf 75' lang='lat' dir='ltr'><strong>fas</strong></span> <span class='ocrx_word' id='word_1_172' title='bbox 1079 2168 1158 2217; x_wconf 73' lang='lat' dir='ltr'><strong>est</strong></span> <span class='ocrx_word' id='word_1_173' title='bbox 1197 2164 1465 2234; x_wconf 77' lang='lat' dir='ltr'><strong>captiuam</strong></span> <span class='ocrx_word' id='word_1_174' title='bbox 1505 2161 1724 2216; x_wconf 75' lang='lat' dir='ltr'><strong>hiscere.</strong></span> 
     </span>
     <span class='ocr_line' id='line_1_26' title="bbox 290 2263 1409 2323; baseline 0 -16"><span class='ocrx_word' id='word_1_175' title='bbox 290 2263 409 2309; x_wconf 88' lang='lat' dir='ltr'><strong>Non.</strong></span> <span class='ocrx_word' id='word_1_176' title='bbox 436 2270 534 2321; x_wconf 89' lang='grc'>120,</span> <span class='ocrx_word' id='word_1_177' title='bbox 560 2270 615 2309; x_wconf 88' lang='grc'><strong>29</strong></span> <span class='ocrx_word' id='word_1_178' title='bbox 651 2265 898 2310; x_wconf 82' lang='lat' dir='ltr'><strong>‘hiscere</strong></span> <span class='ocrx_word' id='word_1_179' title='bbox 929 2268 1003 2309; x_wconf 71' lang='lat' dir='ltr'><strong>est</strong></span> <span class='ocrx_word' id='word_1_180' title='bbox 1030 2265 1215 2323; x_wconf 88' lang='lat' dir='ltr'><strong>proprie</strong></span> <span class='ocrx_word' id='word_1_181' title='bbox 1245 2264 1409 2321; x_wconf 86' lang='lat' dir='ltr'><strong>loqui.&#39;</strong></span> 
     </span>
     <span class='ocr_line' id='line_1_27' title="bbox 292 2352 1101 2411; baseline 0.001 -15"><span class='ocrx_word' id='word_1_182' title='bbox 292 2352 529 2409; x_wconf 74' lang='lat' dir='ltr'><strong>captiuam</strong></span> <span class='ocrx_word' id='word_1_183' title='bbox 563 2353 753 2400; x_wconf 79' lang='lat' dir='ltr'><strong>Grotius</strong></span> <span class='ocrx_word' id='word_1_184' title='bbox 791 2354 1037 2411; x_wconf 73' lang='lat' dir='ltr'><strong>captiuum</strong></span> <span class='ocrx_word' id='word_1_185' title='bbox 1067 2372 1101 2398; x_wconf 90' lang='grc' dir='ltr'><em>ω</em></span> 
     </span>
    </p>
   </div>
   <div class='ocr_carea' id='block_1_16' title="bbox 181 2508 1500 2756">
    <p class='ocr_par' dir='ltr' id='par_1_16' title="bbox 181 2508 1500 2756">
     <span class='ocr_line' id='line_1_28' title="bbox 975 2508 1073 2556; baseline 0 0"><span class='ocrx_word' id='word_1_186' title='bbox 975 2508 1073 2556; x_wconf 92' lang='lat' dir='ltr'><strong>XII</strong></span> 
     </span>
     <span class='ocr_line' id='line_1_29' title="bbox 181 2595 1500 2668; baseline 0.001 -20"><span class='ocrx_word' id='word_1_187' title='bbox 181 2595 286 2648; x_wconf 85' lang='lat' dir='ltr'><strong>Sed</strong></span> <span class='ocrx_word' id='word_1_188' title='bbox 323 2597 539 2666; x_wconf 72' lang='lat' dir='ltr'><strong>per-uico</strong></span> <span class='ocrx_word' id='word_1_189' title='bbox 579 2597 718 2650; x_wconf 83' lang='lat' dir='ltr'><strong>Aiax</strong></span> <span class='ocrx_word' id='word_1_190' title='bbox 757 2598 935 2651; x_wconf 79' lang='lat' dir='ltr'><strong>animo</strong></span> <span class='ocrx_word' id='word_1_191' title='bbox 976 2601 1135 2668; x_wconf 72' lang='lat' dir='ltr'><strong>atque</strong></span> <span class='ocrx_word' id='word_1_192' title='bbox 1174 2597 1500 2651; x_wconf 73' lang='lat' dir='ltr'><strong>aduorsabili</strong></span> 
     </span>
     <span class='ocr_line' id='line_1_30' title="bbox 295 2698 1234 2756; baseline 0 -14"><span class='ocrx_word' id='word_1_193' title='bbox 295 2699 414 2742; x_wconf 87' lang='lat' dir='ltr'>Non.</span> <span class='ocrx_word' id='word_1_194' title='bbox 441 2703 541 2756; x_wconf 80' lang='lat'>487,</span> <span class='ocrx_word' id='word_1_195' title='bbox 568 2699 671 2742; x_wconf 83' lang='lat'><strong>15</strong></span> <span class='ocrx_word' id='word_1_196' title='bbox 679 2698 937 2756; x_wconf 86' lang='lat' dir='ltr'><strong>peruico,</strong></span> <span class='ocrx_word' id='word_1_197' title='bbox 967 2698 1234 2756; x_wconf 83' lang='lat' dir='ltr'><strong>peruicaei.’</strong></span> 
     </span>
    </p>
   </div>
   <div class='ocr_carea' id='block_1_17' title="bbox 297 2783 1858 2843">
    <p class='ocr_par' dir='ltr' id='par_1_17' title="bbox 297 2783 1858 2843">
     <span class='ocr_line' id='line_1_31' title="bbox 297 2783 1858 2843; baseline 0 -14"><span class='ocrx_word' id='word_1_198' title='bbox 297 2786 605 2843; x_wconf 86' lang='lat' dir='ltr'><strong>aduorsabili]</strong></span> <span class='ocrx_word' id='word_1_199' title='bbox 643 2788 700 2842; x_wconf 82' lang='lat' dir='ltr'><strong>cf.</strong></span> <span class='ocrx_word' id='word_1_200' title='bbox 734 2787 964 2831; x_wconf 73' lang='lat' dir='ltr'><strong>Ammian.</strong></span> <span class='ocrx_word' id='word_1_201' title='bbox 1005 2787 1156 2832; x_wconf 76' lang='lat' dir='ltr'><strong>Mare.</strong></span> <span class='ocrx_word' id='word_1_202' title='bbox 1189 2786 1296 2830; x_wconf 89' lang='lat' dir='ltr'>XIV</span> <span class='ocrx_word' id='word_1_203' title='bbox 1319 2791 1367 2841; x_wconf 88' lang='lat'><strong>3,</strong></span> <span class='ocrx_word' id='word_1_204' title='bbox 1397 2790 1420 2828; x_wconf 89' lang='lat'>1</span> <span class='ocrx_word' id='word_1_205' title='bbox 1462 2783 1728 2828; x_wconf 89' lang='lat' dir='ltr'><strong>aduorabili</strong></span> <span class='ocrx_word' id='word_1_206' title='bbox 1769 2786 1858 2841; x_wconf 87' lang='lat' dir='ltr'><strong>Ba,</strong></span> 
     </span>
    </p>
   </div>
   <div class='ocr_carea' id='block_1_18' title="bbox 179 2822 1858 2959">
    <p class='ocr_par' dir='ltr' id='par_1_18' title="bbox 179 2822 1858 2959">
     <span class='ocr_line' id='line_1_32' title="bbox 179 2822 1858 2902; baseline -0.001 -15"><span class='ocrx_word' id='word_1_207' title='bbox 179 2845 255 2888; x_wconf 82' lang='lat' dir='ltr'><strong>sed</strong></span> <span class='ocrx_word' id='word_1_208' title='bbox 285 2844 347 2887; x_wconf 84' lang='lat' dir='ltr'><strong>ad</strong></span> <span class='ocrx_word' id='word_1_209' title='bbox 375 2847 617 2890; x_wconf 77' lang='lat' dir='ltr'><strong>recentiore</strong></span> <span class='ocrx_word' id='word_1_210' title='bbox 646 2860 789 2890; x_wconf 75' lang='lat' dir='ltr'><strong>‘manu</strong></span> <span class='ocrx_word' id='word_1_211' title='bbox 819 2847 1029 2902; x_wconf 82' lang='lat' dir='ltr'><strong>ascripto.</strong></span> <span class='ocrx_word' id='word_1_212' title='bbox 1062 2844 1316 2898; x_wconf 76' lang='lat' dir='ltr'><strong>atuorabili</strong></span> <span class='ocrx_word' id='word_1_213' title='bbox 1344 2822 1388 2888; x_wconf 73' lang='lat'><strong>1&#39;3</strong></span> <span class='ocrx_word' id='word_1_214' title='bbox 1418 2842 1622 2887; x_wconf 89' lang='lat' dir='ltr'><strong>uorabili</strong></span> <span class='ocrx_word' id='word_1_215' title='bbox 1655 2861 1689 2899; x_wconf 89' lang='grc' dir='ltr'>φ</span> <span class='ocrx_word' id='word_1_216' title='bbox 1723 2858 1858 2887; x_wconf 88' lang='lat' dir='ltr'><strong>auor-</strong></span> 
     </span>
     <span class='ocr_line' id='line_1_33' title="bbox 182 2901 1144 2959; baseline 0.004 -14"><span class='ocrx_word' id='word_1_217' title='bbox 182 2901 321 2946; x_wconf 83' lang='lat' dir='ltr'><strong>sabih‘</strong></span> <span class='ocrx_word' id='word_1_218' title='bbox 357 2903 413 2948; x_wconf 88' lang='lat' dir='ltr'><strong>G.</strong></span> <span class='ocrx_word' id='word_1_219' title='bbox 446 2904 591 2959; x_wconf 81' lang='lat' dir='ltr'><strong><em>Wolff</em></strong></span> <span class='ocrx_word' id='word_1_220' title='bbox 613 2904 741 2948; x_wconf 85' lang='lat' dir='ltr'><strong>haud</strong></span> <span class='ocrx_word' id='word_1_221' title='bbox 772 2903 942 2948; x_wconf 89' lang='lat' dir='ltr'><strong>orabili</strong></span> <span class='ocrx_word' id='word_1_222' title='bbox 970 2904 1144 2949; x_wconf 70' lang='lat' dir='ltr'><strong><em>Onio‘ns</em></strong></span> 
     </span>
    </p>
   </div>
  </div>
 </body>
</html>
