2010 3146
239 69 312 122 46
927 68 980 122 Q.
1010 67 1236 114 ENNIVS

240 201 391 246 inter
436 201 646 246 fratres
688 199 1069 257 grauissimae
1107 200 1514 260 contumeliae,
1560 204 1615 247 ut
1651 202 1790 248 facile
1835 217 1916 261 ap-

239 263 404 317 pareat
432 259 594 304 Atrei
624 258 789 303 filios
821 260 954 304 esse.’

360 354 383 392 1
415 362 613 404 usquam
648 347 791 392 Oaeon.
824 348 948 405 aliq„
979 348 1219 393 Bentleius
1249 362 1471 404 umquam
1502 366 1538 407 φ
1645 355 1670 394 2
1703 349 1807 406 quis
1838 351 1920 395 ted

240 409 325 465 (vel
368 409 482 464 tete)
529 409 687 451 autem
732 405 919 450 malitia
965 408 1231 464 scripseram
1277 406 1380 462 quis
1420 406 1536 452 item
1573 423 1631 453 m.
1671 411 1719 453 te
1759 409 1919 455 Fleck-

239 469 413 511 eisenus
452 467 524 522 (cf.
556 467 708 511 coroll.
738 465 927 522 XXVII)
967 464 1050 521 qui
1088 467 1247 510 autem
1283 481 1342 510 m.
1383 467 1431 511 te
1462 467 1700 514 Bentleius
1734 468 1838 525 quis
1869 470 1918 513 te

241 527 397 569 autem
427 539 487 570 m.
519 525 780 570 Bouherius
812 523 970 580 ecquis
1002 526 1161 569 autem
1190 540 1250 569 m.
1282 526 1330 569 te
1361 526 1588 585 Bcquius

1053 648 1101 695 V

906 731 1239 804 Agamemno

237 821 509 876 Menelaus
541 841 627 875 me
659 821 945 893 obiurgat?
983 822 1039 875 id
1068 822 1201 875 meis
1233 822 1392 875 rebus
1421 822 1661 894 regimen
1691 823 1916 877 restitat.

356 923 632 967 Rufinianus
665 923 722 967 de
753 923 829 981 fig.
865 925 982 968 sent.
1014 925 1062 967 et
1093 923 1206 968 eloc.
1238 939 1283 980 p.
1308 928 1363 968 41
1389 924 1445 967 Η.
1485 924 1813 981 ‘aganactesis,
1845 924 1915 968 in-

238 981 472 1040 dignatio,
520 996 640 1039 quae
685 983 739 1026 fit
783 982 984 1026 maxime
1026 982 1422 1039 pronuntiatione.
1484 983 1662 1027 Ennius
1701 982 1752 1027 in
1789 984 1915 1040 Iphi-

236 1041 376 1099 genia
399 1078 411 1087 .
430 1078 439 1087 .
460 1043 488 1086 .’
552 1042 679 1086 Haec
719 1041 811 1085 duo
842 1041 1107 1099 fragmenta
1139 1042 1220 1099 (IV
1250 1044 1299 1086 et
1327 1042 1387 1099 V)
1417 1041 1564 1086 libere
1594 1042 1827 1087 translata
1858 1056 1915 1087 ex

235 1100 501 1158 Euripideis
548 1106 634 1145 327
689 1096 723 1146 ὦ
771 1102 901 1157 θεοί,
955 1107 1037 1158 σῆς
1083 1101 1395 1159 ἀναισχύντου
1441 1099 1624 1158 φρενός.
1695 1106 1781 1146 328
1829 1103 1914 1147 οὐκ

236 1160 548 1218 ἀναισχύντου
586 1159 715 1216 πόδες
760 1164 843 1204 331
887 1161 990 1218 οὐχὶ
1027 1160 1184 1215 δεινάς
1226 1160 1308 1205 τὸν
1344 1157 1456 1218 ἐμὸν
1489 1160 1635 1205 οἰκεῖν
1664 1156 1797 1206 οἷκον
1828 1162 1913 1205 οὐκ

236 1218 452 1277 ἐάσομαις
484 1223 571 1264 384
602 1215 686 1264 εἶτ’
725 1219 811 1277 ἐγὼ
843 1217 979 1276 δίκην
1011 1221 1078 1264 δῶ
1110 1227 1202 1264 σῶν
1233 1226 1391 1265 κακῶν
1423 1219 1448 1264 ὁ
1480 1219 1540 1277 μὴ
1574 1218 1786 1277 σφαλείςς

351 1307 460 1351 med
503 1309 736 1353 scribendo
779 1309 951 1353 iambos
995 1309 1169 1364 efficias
1213 1309 1379 1365 (coroll.
1419 1307 1606 1365 XXVII)
1726 1307 1915 1352 restitat

236 1367 473 1412 Bentleius
502 1368 651 1412 restat
680 1384 715 1411 ω
1035 1432 1108 1480 Ἦ

902 1515 1234 1588 Agamemno

233 1603 368 1676 'Ego
395 1604 663 1674 proiector
688 1604 831 1674 quod
854 1607 915 1657 tu
938 1623 1144 1674 peccas:
1177 1608 1237 1658 tu
1262 1605 1525 1675 delinquis
1532 1647 1547 1674 ,
1578 1623 1675 1676 ego
1700 1605 1909 1676 arguor.

147 1709 230 1748 195
247 1692 352 1746 Pr6
397 1692 689 1746 malefactis
719 1692 925 1746 Helena
962 1693 1165 1764 redeat,
1202 1692 1359 1765 uirgo
1399 1696 1583 1763 pereat
1619 1693 1910 1747 innocens?

233 1781 347 1834 Tua
383 1782 755 1835 reconcilietur
790 1800 948 1851 uxor,
986 1783 1105 1835 mea
1140 1785 1360 1835 necetur
1396 1782 1555 1835 fssia?

348 1883 623 1927 Rufinianus
663 1883 721 1927 de
759 1882 834 1940 fig.
873 1884 988 1927 sent.
1021 1884 1070 1927 et
1099 1882 1211 1927 eloc.
1243 1898 1288 1940 p.
1321 1886 1378 1926 47
1411 1882 1467 1926 Η.
1532 1882 1768 1939 ‘syncrisis
1809 1882 1908 1927 siue

232 1941 501 1999 antithesis,
541 1941 828 1999 comparatio
866 1955 1022 1985 rerum
1058 1944 1199 1998 atque
1229 1955 1532 1999 personarum
1562 1941 1685 1986 inter
1718 1955 1767 1986 se
1800 1955 1908 1986 con-

233 2001 495 2058 trariarum,
526 2003 600 2047 ut:
633 2002 738 2058 ego’
766 2014 804 2045 e.
829 2016 873 2057 q.
901 2016 935 2045 s.
996 2000 1098 2044 Huc
1129 2000 1314 2045 rettulit
1345 2000 1582 2045 Columna.

350 2094 374 2132 1
413 2091 533 2135 malo
578 2091 629 2134 in
673 2091 758 2135 hac
803 2091 996 2134 editione
1035 2090 1296 2134 memoriam
1338 2102 1536 2143 servare,
1582 2103 1717 2145 quam
1755 2093 1907 2134 tuetur

241 2149 467 2193 Vahlenus
505 2149 661 2194 Herm.
697 2153 772 2205 17,
807 2153 904 2193 605.
962 2162 1048 2205 ego
1093 2147 1325 2205 proiector
1363 2147 1489 2203 quod
1526 2149 1579 2190 tu
1617 2161 1804 2203 peccas3
1853 2149 1905 2191 tu

233 2206 475 2263 delinquas
523 2207 773 2264 (delinquis
804 2208 917 2253 Rob.
952 2207 1244 2265 Stephanus),
1293 2220 1379 2264 ego
1427 2220 1594 2262 arguor
1635 2208 1703 2251 ed.
1741 2207 1905 2262 Basil„

231 2268 351 2310 unde
394 2266 573 2323 plector
617 2269 736 2312 eruit
767 2267 1010 2322 Pithoeus,
1055 2281 1182 2324 quem
1206 2272 1401 2311 ¹secutus
1440 2266 1675 2310 Bentleius
1719 2267 1773 2308 ut
1818 2279 1904 2322 ego
1966 2278 1970 2281 ’

231 2323 443 2380 plectar.
471 2362 480 2369 .
508 2362 516 2369 .
542 2339 713 2382 arguar
757 2327 956 2370 coniecit.
1019 2338 1166 2382 egone
1202 2325 1402 2381 plectar,
1449 2327 1501 2368 tu
1541 2323 1803 2379 delinques:
1851 2327 1904 2367 tu

231 2396 413 2439 pecces,
462 2397 547 2440 ego
595 2390 794 2441 arguar?
841 2385 1094 2429 Por-sonum
1129 2390 1305 2429 secutus
1342 2386 1447 2429 olim
1486 2385 1609 2428 dedi:
1657 2385 1713 2438 cf.
1754 2385 1901 2427 coroll.

233 2441 402 2485 XXVII
416 2457 478 2498 sq.
527 2456 636 2500 ergo
681 2443 861 2499 plector
907 2456 1014 2500 ego,
1069 2445 1121 2486 tu
1166 2449 1362 2499 peccas?
1415 2445 1468 2485 tu
1515 2441 1766 2497 delinquis,
1815 2455 1901 2497 ego

233 2513 403 2556 arguor
434 2501 723 2547 Fro'hlichius
760 2515 869 2559 ergo
902 2501 1101 2558 plector,
1142 2501 1267 2557 quod
1296 2503 1348 2545 tu
1379 2507 1574 2558 peccas?
1621 2515 1724 2544 cum
1755 2499 1902 2542 delin-

232 2573 368 2614 quas,
409 2567 604 2616 arguor‘?
635 2575 668 2605 ω
771 2566 797 2604 3
829 2563 1019 2605 necetur
1048 2560 1146 2605 filia
1179 2561 1398 2606 Columna
1426 2561 1634 2617 negetur,
1666 2558 1762 2601 filia
1794 2572 1898 2602 mea

231 2619 296 2661 ed.
330 2618 476 2663 Basa.

1013 2685 1111 2732 VII

230 2765 418 2818 Plebes
455 2767 511 2818 in
550 2767 651 2820 hoc
689 2769 803 2838 regi
842 2769 1063 2821 antistat
1100 2769 1240 2820 loco:
1278 2768 1404 2819 licet

231 2852 546 2906 Lacrumare
584 2856 751 2925 plebi,
788 2857 903 2925 regi
939 2856 1159 2908 honeste
1197 2856 1305 2907 nc'm
1343 2854 1480 2906 licet.
