<?xml version="1.0" encoding="UTF-8"?>
<!DOCTYPE html PUBLIC "-//W3C//DTD XHTML 1.0 Transitional//EN"
    "http://www.w3.org/TR/xhtml1/DTD/xhtml1-transitional.dtd">
<html xmlns="http://www.w3.org/1999/xhtml" xml:lang="en" lang="en">
 <head>
  <title>
</title>
<meta http-equiv="Content-Type" content="text/html;charset=utf-8" />
  <meta name='ocr-system' content='tesseract 3.04.00' />
  <meta name='ocr-capabilities' content='ocr_page ocr_carea ocr_par ocr_line ocrx_word'/>
</head>
<body>
  <div class='ocr_page' id='page_1' title='image "./fragscaenicaeromr01ribbuoft_0269.png"; bbox 0 0 1980 3146; ppageno 0'>
   <div class='ocr_carea' id='block_1_1' title="bbox 771 113 1750 167">
    <p class='ocr_par' dir='ltr' id='par_1_1' title="bbox 771 113 1750 167">
     <span class='ocr_line' id='line_1_1' title="bbox 771 113 1750 167; baseline 0.01 -10"><span class='ocrx_word' id='word_1_1' title='bbox 771 114 819 159; x_wconf 89' lang='lat' dir='ltr'>L.</span> <span class='ocrx_word' id='word_1_2' title='bbox 851 113 1061 159; x_wconf 85' lang='lat' dir='ltr'>ACCIVS</span> <span class='ocrx_word' id='word_1_3' title='bbox 1645 114 1750 167; x_wconf 79' lang='lat'>257</span> 
     </span>
    </p>
   </div>
   <div class='ocr_carea' id='block_1_2' title="bbox 142 254 1841 408">
    <p class='ocr_par' dir='ltr' id='par_1_2' title="bbox 142 254 1841 408">
     <span class='ocr_line' id='line_1_2' title="bbox 875 254 946 301; baseline 0 0"><span class='ocrx_word' id='word_1_4' title='bbox 875 254 946 301; x_wconf 91' lang='lat' dir='ltr'>XI</span> 
     </span>
     <span class='ocr_line' id='line_1_3' title="bbox 142 337 1841 408; baseline -0.001 -15"><span class='ocrx_word' id='word_1_5' title='bbox 142 339 234 393; x_wconf 90' lang='lat' dir='ltr'>An</span> <span class='ocrx_word' id='word_1_6' title='bbox 269 339 401 392; x_wconf 75' lang='lat' dir='ltr'>haec</span> <span class='ocrx_word' id='word_1_7' title='bbox 439 339 546 391; x_wconf 85' lang='lat' dir='ltr'>iam</span> <span class='ocrx_word' id='word_1_8' title='bbox 586 338 743 392; x_wconf 90' lang='lat' dir='ltr'>obliti</span> <span class='ocrx_word' id='word_1_9' title='bbox 782 341 907 390; x_wconf 72' lang='lat' dir='ltr'>sunt</span> <span class='ocrx_word' id='word_1_10' title='bbox 945 337 1225 408; x_wconf 82' lang='lat' dir='ltr'>Phryges?</span> <span class='ocrx_word' id='word_1_11' title='bbox 1270 387 1273 389; x_wconf 84' lang='lat'><strong>.</strong></span> <span class='ocrx_word' id='word_1_12' title='bbox 1757 353 1841 392; x_wconf 82' lang='grc'>665</span> 
     </span>
    </p>
   </div>
   <div class='ocr_carea' id='block_1_3' title="bbox 69 437 1756 615">
    <p class='ocr_par' dir='ltr' id='par_1_3' title="bbox 69 437 1756 615">
     <span class='ocr_line' id='line_1_4' title="bbox 190 437 1753 486; baseline 0.001 -2"><span class='ocrx_word' id='word_1_13' title='bbox 190 441 382 484; x_wconf 86' lang='lat' dir='ltr'>Rufinus</span> <span class='ocrx_word' id='word_1_14' title='bbox 416 440 474 483; x_wconf 93' lang='lat' dir='ltr'>de</span> <span class='ocrx_word' id='word_1_15' title='bbox 505 438 666 483; x_wconf 86' lang='lat' dir='ltr'>metris</span> <span class='ocrx_word' id='word_1_16' title='bbox 697 439 879 483; x_wconf 90' lang='lat' dir='ltr'>Terent.</span> <span class='ocrx_word' id='word_1_17' title='bbox 913 437 1039 483; x_wconf 85' lang='lat' dir='ltr'><strong>CGL.</strong></span> <span class='ocrx_word' id='word_1_18' title='bbox 1063 438 1236 482; x_wconf 80' lang='lat' dir='ltr'>V1556</span> <span class='ocrx_word' id='word_1_19' title='bbox 1268 438 1320 482; x_wconf 88' lang='lat' dir='ltr'>K.</span> <span class='ocrx_word' id='word_1_20' title='bbox 1366 439 1538 484; x_wconf 81' lang='lat' dir='ltr'>‘Varro</span> <span class='ocrx_word' id='word_1_21' title='bbox 1569 439 1619 483; x_wconf 90' lang='lat' dir='ltr'>in</span> <span class='ocrx_word' id='word_1_22' title='bbox 1646 439 1753 486; x_wconf 88' lang='lat' dir='ltr'>VH:</span> 
     </span>
     <span class='ocr_line' id='line_1_5' title="bbox 69 496 1756 555; baseline -0.001 -11"><span class='ocrx_word' id='word_1_23' title='bbox 69 500 306 544; x_wconf 81' lang='lat' dir='ltr'><strong>clausulas</strong></span> <span class='ocrx_word' id='word_1_24' title='bbox 346 513 530 555; x_wconf 91' lang='lat' dir='ltr'>quoque</span> <span class='ocrx_word' id='word_1_25' title='bbox 571 498 771 555; x_wconf 90' lang='lat' dir='ltr'>primum</span> <span class='ocrx_word' id='word_1_26' title='bbox 806 497 1070 555; x_wconf 88' lang='lat' dir='ltr'>appellatas</span> <span class='ocrx_word' id='word_1_27' title='bbox 1103 496 1284 553; x_wconf 83' lang='lat' dir='ltr'>dicunt,</span> <span class='ocrx_word' id='word_1_28' title='bbox 1325 498 1450 553; x_wconf 91' lang='lat' dir='ltr'>quod</span> <span class='ocrx_word' id='word_1_29' title='bbox 1481 498 1756 543; x_wconf 79' lang='lat' dir='ltr'>clauderent</span> 
     </span>
     <span class='ocr_line' id='line_1_6' title="bbox 74 556 1336 615; baseline -0.003 -11"><span class='ocrx_word' id='word_1_30' title='bbox 74 558 368 615; x_wconf 74' lang='lat' dir='ltr'>sententiam,</span> <span class='ocrx_word' id='word_1_31' title='bbox 401 560 456 602; x_wconf 89' lang='lat' dir='ltr'>ut</span> <span class='ocrx_word' id='word_1_32' title='bbox 487 558 612 615; x_wconf 89' lang='lat' dir='ltr'>apud</span> <span class='ocrx_word' id='word_1_33' title='bbox 643 557 856 602; x_wconf 85' lang='lat' dir='ltr'><strong>Accium:</strong></span> <span class='ocrx_word' id='word_1_34' title='bbox 890 571 950 600; x_wconf 89' lang='lat' dir='ltr'>an</span> <span class='ocrx_word' id='word_1_35' title='bbox 983 556 1117 599; x_wconf 87' lang='lat' dir='ltr'>haec’</span> <span class='ocrx_word' id='word_1_36' title='bbox 1154 569 1191 600; x_wconf 85' lang='lat' dir='ltr'>e.</span> <span class='ocrx_word' id='word_1_37' title='bbox 1225 571 1267 611; x_wconf 89' lang='lat' dir='ltr'>q.</span> <span class='ocrx_word' id='word_1_38' title='bbox 1303 571 1336 601; x_wconf 90' lang='lat' dir='ltr'>s.</span> 
     </span>
    </p>
   </div>
   <div class='ocr_carea' id='block_1_4' title="bbox 149 647 1396 850">
    <p class='ocr_par' dir='ltr' id='par_1_4' title="bbox 149 647 1396 850">
     <span class='ocr_line' id='line_1_7' title="bbox 191 647 974 704; baseline -0.005 -14"><span class='ocrx_word' id='word_1_39' title='bbox 191 648 367 704; x_wconf 83' lang='lat' dir='ltr'>Bruges</span> <span class='ocrx_word' id='word_1_40' title='bbox 399 647 675 692; x_wconf 76' lang='lat' dir='ltr'>Ritschelius</span> <span class='ocrx_word' id='word_1_41' title='bbox 970 682 974 686; x_wconf 92' lang='lat'><strong>.</strong></span> 
     </span>
     <span class='ocr_line' id='line_1_8' title="bbox 867 710 964 757; baseline 0 0"><span class='ocrx_word' id='word_1_42' title='bbox 867 710 964 757; x_wconf 90' lang='lat' dir='ltr'>XII</span> 
     </span>
     <span class='ocr_line' id='line_1_9' title="bbox 149 795 1396 850; baseline -0.002 0"><span class='ocrx_word' id='word_1_43' title='bbox 149 841 157 850; x_wconf 98' lang='lat'><strong>.</strong></span> <span class='ocrx_word' id='word_1_44' title='bbox 226 842 230 844; x_wconf 92' lang='lat'><strong>.</strong></span> <span class='ocrx_word' id='word_1_45' title='bbox 297 815 405 849; x_wconf 91' lang='lat' dir='ltr'>non</span> <span class='ocrx_word' id='word_1_46' title='bbox 444 795 614 848; x_wconf 74' lang='lat' dir='ltr'>calida</span> <span class='ocrx_word' id='word_1_47' title='bbox 651 795 809 847; x_wconf 85' lang='lat' dir='ltr'>latice</span> <span class='ocrx_word' id='word_1_48' title='bbox 847 795 1027 846; x_wconf 75' lang='lat' dir='ltr'>lautus</span> <span class='ocrx_word' id='word_1_49' title='bbox 1090 837 1396 848; x_wconf 93' lang='grc'><strong>.....</strong></span> 
     </span>
    </p>
   </div>
   <div class='ocr_carea' id='block_1_5' title="bbox 71 893 1755 1130">
    <p class='ocr_par' dir='ltr' id='par_1_5' title="bbox 71 893 1755 1130">
     <span class='ocr_line' id='line_1_10' title="bbox 189 893 1755 952; baseline 0 -11"><span class='ocrx_word' id='word_1_50' title='bbox 189 897 456 941; x_wconf 80' lang='lat' dir='ltr'>Priscianus</span> <span class='ocrx_word' id='word_1_51' title='bbox 494 910 540 952; x_wconf 90' lang='lat' dir='ltr'>p.</span> <span class='ocrx_word' id='word_1_52' title='bbox 567 898 652 938; x_wconf 85' lang='lat'>658</span> <span class='ocrx_word' id='word_1_53' title='bbox 677 894 726 938; x_wconf 93' lang='lat' dir='ltr'>P.</span> <span class='ocrx_word' id='word_1_54' title='bbox 778 893 1045 937; x_wconf 79' lang='lat' dir='ltr'>‘sciendum</span> <span class='ocrx_word' id='word_1_55' title='bbox 1085 896 1245 939; x_wconf 86' lang='lat' dir='ltr'>tamen</span> <span class='ocrx_word' id='word_1_56' title='bbox 1283 895 1408 950; x_wconf 91' lang='lat' dir='ltr'>quod</span> <span class='ocrx_word' id='word_1_57' title='bbox 1447 896 1755 941; x_wconf 89' lang='lat' dir='ltr'>uetustissimi</span> 
     </span>
     <span class='ocr_line' id='line_1_11' title="bbox 71 952 1755 1013; baseline -0.001 -13"><span class='ocrx_word' id='word_1_58' title='bbox 71 957 122 1000; x_wconf 91' lang='lat' dir='ltr'>in</span> <span class='ocrx_word' id='word_1_59' title='bbox 174 956 356 1013; x_wconf 86' lang='lat' dir='ltr'>multis,</span> <span class='ocrx_word' id='word_1_60' title='bbox 410 957 464 999; x_wconf 93' lang='lat' dir='ltr'>ut</span> <span class='ocrx_word' id='word_1_61' title='bbox 511 953 735 1009; x_wconf 82' lang='lat' dir='ltr'><strong>diximus,</strong></span> <span class='ocrx_word' id='word_1_62' title='bbox 791 967 931 1010; x_wconf 86' lang='lat' dir='ltr'>supra</span> <span class='ocrx_word' id='word_1_63' title='bbox 979 952 1211 997; x_wconf 87' lang='lat' dir='ltr'>dictarum</span> <span class='ocrx_word' id='word_1_64' title='bbox 1255 954 1641 999; x_wconf 86' lang='lat' dir='ltr'>terminationum</span> <span class='ocrx_word' id='word_1_65' title='bbox 1685 957 1755 1000; x_wconf 92' lang='lat' dir='ltr'>in-</span> 
     </span>
     <span class='ocr_line' id='line_1_12' title="bbox 71 1011 1753 1070; baseline 0.001 -11"><span class='ocrx_word' id='word_1_66' title='bbox 71 1015 324 1061; x_wconf 89' lang='lat' dir='ltr'>ueniuntur</span> <span class='ocrx_word' id='word_1_67' title='bbox 361 1013 626 1059; x_wconf 83' lang='lat' dir='ltr'>confudisse</span> <span class='ocrx_word' id='word_1_68' title='bbox 662 1026 833 1070; x_wconf 87' lang='lat' dir='ltr'>genera</span> <span class='ocrx_word' id='word_1_69' title='bbox 860 1049 868 1057; x_wconf 95' lang='lat'><strong>.</strong></span> <span class='ocrx_word' id='word_1_70' title='bbox 891 1050 898 1056; x_wconf 95' lang='lat'><strong>.</strong></span> <span class='ocrx_word' id='word_1_71' title='bbox 920 1049 927 1056; x_wconf 93' lang='lat'><strong>.</strong></span> <span class='ocrx_word' id='word_1_72' title='bbox 953 1011 1031 1056; x_wconf 93' lang='lat' dir='ltr'>hic</span> <span class='ocrx_word' id='word_1_73' title='bbox 1062 1015 1110 1056; x_wconf 89' lang='lat' dir='ltr'>et</span> <span class='ocrx_word' id='word_1_74' title='bbox 1139 1013 1255 1057; x_wconf 88' lang='lat' dir='ltr'>hacc</span> <span class='ocrx_word' id='word_1_75' title='bbox 1375 1013 1534 1058; x_wconf 84' lang='lat' dir='ltr'>latex</span> <span class='ocrx_word' id='word_1_76' title='bbox 1564 1015 1753 1061; x_wconf 81' lang='lat' dir='ltr'>Accius:</span> 
     </span>
     <span class='ocr_line' id='line_1_13' title="bbox 71 1075 408 1130; baseline -0.006 -10"><span class='ocrx_word' id='word_1_77' title='bbox 71 1075 191 1120; x_wconf 86' lang='lat' dir='ltr'>non’</span> <span class='ocrx_word' id='word_1_78' title='bbox 226 1088 264 1119; x_wconf 88' lang='lat' dir='ltr'>c.</span> <span class='ocrx_word' id='word_1_79' title='bbox 298 1090 340 1130; x_wconf 89' lang='lat' dir='ltr'>q.</span> <span class='ocrx_word' id='word_1_80' title='bbox 375 1089 408 1118; x_wconf 89' lang='lat' dir='ltr'>s.</span> 
     </span>
    </p>
   </div>
   <div class='ocr_carea' id='block_1_6' title="bbox 798 1139 1036 1274">
    <p class='ocr_par' dir='ltr' id='par_1_6' title="bbox 798 1139 1036 1274">
     <span class='ocr_line' id='line_1_14' title="bbox 856 1139 978 1185; baseline 0 0"><span class='ocrx_word' id='word_1_81' title='bbox 856 1139 978 1185; x_wconf 90' lang='lat' dir='ltr'>XIII</span> 
     </span>
     <span class='ocr_line' id='line_1_15' title="bbox 798 1221 1036 1274; baseline 0 0"><span class='ocrx_word' id='word_1_82' title='bbox 798 1221 1036 1274; x_wconf 88' lang='lat' dir='ltr'>Achilles</span> 
     </span>
    </p>
   </div>
   <div class='ocr_carea' id='block_1_7' title="bbox 73 1310 1758 1452">
    <p class='ocr_par' dir='ltr' id='par_1_7' title="bbox 73 1310 1758 1452">
     <span class='ocr_line' id='line_1_16' title="bbox 73 1310 1758 1381; baseline 0 -15"><span class='ocrx_word' id='word_1_83' title='bbox 73 1312 261 1366; x_wconf 91' lang='lat' dir='ltr'>&#39;Immo</span> <span class='ocrx_word' id='word_1_84' title='bbox 317 1313 458 1365; x_wconf 91' lang='lat' dir='ltr'>enim</span> <span class='ocrx_word' id='word_1_85' title='bbox 512 1330 642 1364; x_wconf 91' lang='lat' dir='ltr'>uero</span> <span class='ocrx_word' id='word_1_86' title='bbox 694 1312 885 1379; x_wconf 78' lang='lat' dir='ltr'>corpus</span> <span class='ocrx_word' id='word_1_87' title='bbox 929 1310 1144 1363; x_wconf 89' lang='lat' dir='ltr'>Priamo</span> <span class='ocrx_word' id='word_1_88' title='bbox 1190 1311 1417 1381; x_wconf 78' lang='lat' dir='ltr'>reddidi,</span> <span class='ocrx_word' id='word_1_89' title='bbox 1470 1311 1758 1366; x_wconf 77' lang='lat' dir='ltr'>Hectorem</span> 
     </span>
     <span class='ocr_line' id='line_1_17' title="bbox 1138 1399 1351 1452; baseline 0.005 -1"><span class='ocrx_word' id='word_1_90' title='bbox 1138 1399 1351 1452; x_wconf 73' lang='lat' dir='ltr'>abstuli.</span> 
     </span>
    </p>
   </div>
   <div class='ocr_carea' id='block_1_8' title="bbox 81 1500 1758 1619">
    <p class='ocr_par' dir='ltr' id='par_1_8' title="bbox 81 1500 1758 1619">
     <span class='ocr_line' id='line_1_18' title="bbox 199 1500 1758 1558; baseline 0.001 -12"><span class='ocrx_word' id='word_1_91' title='bbox 199 1502 356 1547; x_wconf 85' lang='lat' dir='ltr'>Cicero</span> <span class='ocrx_word' id='word_1_92' title='bbox 387 1501 522 1546; x_wconf 87' lang='lat' dir='ltr'>Tusc.</span> <span class='ocrx_word' id='word_1_93' title='bbox 556 1500 672 1557; x_wconf 90' lang='lat' dir='ltr'>disp.</span> <span class='ocrx_word' id='word_1_94' title='bbox 707 1502 828 1556; x_wconf 83' lang='lat'>144,</span> <span class='ocrx_word' id='word_1_95' title='bbox 857 1505 940 1544; x_wconf 87' lang='lat'>105</span> <span class='ocrx_word' id='word_1_96' title='bbox 982 1500 1175 1544; x_wconf 83' lang='lat' dir='ltr'>‘melius</span> <span class='ocrx_word' id='word_1_97' title='bbox 1210 1501 1377 1546; x_wconf 89' lang='lat' dir='ltr'>Accius</span> <span class='ocrx_word' id='word_1_98' title='bbox 1417 1503 1465 1545; x_wconf 89' lang='lat' dir='ltr'>et</span> <span class='ocrx_word' id='word_1_99' title='bbox 1503 1501 1758 1558; x_wconf 87' lang='lat' dir='ltr'>aliquando</span> 
     </span>
     <span class='ocr_line' id='line_1_19' title="bbox 81 1559 991 1619; baseline -0.003 -13"><span class='ocrx_word' id='word_1_100' title='bbox 81 1561 267 1619; x_wconf 85' lang='lat' dir='ltr'>sapiens</span> <span class='ocrx_word' id='word_1_101' title='bbox 299 1560 580 1605; x_wconf 89' lang='lat' dir='ltr'>Achilles:</span> <span class='ocrx_word' id='word_1_102' title='bbox 614 1559 773 1603; x_wconf 91' lang='lat' dir='ltr'>immo’</span> <span class='ocrx_word' id='word_1_103' title='bbox 809 1573 846 1604; x_wconf 91' lang='lat' dir='ltr'>e.</span> <span class='ocrx_word' id='word_1_104' title='bbox 880 1574 922 1615; x_wconf 90' lang='lat' dir='ltr'>q.</span> <span class='ocrx_word' id='word_1_105' title='bbox 957 1574 991 1604; x_wconf 90' lang='lat' dir='ltr'>s.</span> 
     </span>
    </p>
   </div>
   <div class='ocr_carea' id='block_1_9' title="bbox 196 1650 1758 1706">
    <p class='ocr_par' dir='ltr' id='par_1_9' title="bbox 196 1650 1758 1706">
     <span class='ocr_line' id='line_1_20' title="bbox 196 1650 1758 1706; baseline 0 -12"><span class='ocrx_word' id='word_1_106' title='bbox 196 1651 400 1694; x_wconf 91' lang='lat' dir='ltr'>Hectora</span> <span class='ocrx_word' id='word_1_107' title='bbox 439 1650 814 1706; x_wconf 74' lang='lat' dir='ltr'>Nieberdinqius:</span> <span class='ocrx_word' id='word_1_108' title='bbox 853 1650 911 1703; x_wconf 79' lang='lat' dir='ltr'>cf.</span> <span class='ocrx_word' id='word_1_109' title='bbox 951 1650 1040 1693; x_wconf 74' lang='lat' dir='ltr'>inc.</span> <span class='ocrx_word' id='word_1_110' title='bbox 1072 1650 1166 1704; x_wconf 80' lang='lat' dir='ltr'>fab.</span> <span class='ocrx_word' id='word_1_111' title='bbox 1202 1650 1437 1695; x_wconf 90' lang='lat' dir='ltr'>XXXVI</span> <span class='ocrx_word' id='word_1_112' title='bbox 1459 1651 1546 1694; x_wconf 79' lang='lat' dir='ltr'>inc.</span> <span class='ocrx_word' id='word_1_113' title='bbox 1581 1651 1670 1694; x_wconf 78' lang='lat' dir='ltr'>inc.</span> <span class='ocrx_word' id='word_1_114' title='bbox 1705 1655 1758 1694; x_wconf 91' lang='grc'>61</span> 
     </span>
    </p>
   </div>
   <div class='ocr_carea' id='block_1_10' title="bbox 865 1759 983 1806">
    <p class='ocr_par' dir='ltr' id='par_1_10' title="bbox 865 1759 983 1806">
     <span class='ocr_line' id='line_1_21' title="bbox 865 1759 983 1806; baseline 0 -1"><span class='ocrx_word' id='word_1_115' title='bbox 865 1759 983 1806; x_wconf 90' lang='lat' dir='ltr'>XIV</span> 
     </span>
    </p>
   </div>
   <div class='ocr_carea' id='block_1_11' title="bbox 80 1843 1461 1898">
    <p class='ocr_par' dir='ltr' id='par_1_11' title="bbox 80 1843 1461 1898">
     <span class='ocr_line' id='line_1_22' title="bbox 80 1843 1461 1898; baseline 0 -1"><span class='ocrx_word' id='word_1_116' title='bbox 80 1844 194 1897; x_wconf 90' lang='lat' dir='ltr'>Iam</span> <span class='ocrx_word' id='word_1_117' title='bbox 232 1844 371 1896; x_wconf 89' lang='lat' dir='ltr'>hanc</span> <span class='ocrx_word' id='word_1_118' title='bbox 408 1843 596 1896; x_wconf 76' lang='lat' dir='ltr'>urbem</span> <span class='ocrx_word' id='word_1_119' title='bbox 635 1843 776 1895; x_wconf 86' lang='lat' dir='ltr'>ferro</span> <span class='ocrx_word' id='word_1_120' title='bbox 815 1844 1022 1895; x_wconf 72' lang='lat' dir='ltr'>uastam</span> <span class='ocrx_word' id='word_1_121' title='bbox 1062 1843 1222 1896; x_wconf 87' lang='lat' dir='ltr'>faciet</span> <span class='ocrx_word' id='word_1_122' title='bbox 1259 1843 1461 1898; x_wconf 74' lang='lat' dir='ltr'>Peleus,</span> 
     </span>
    </p>
   </div>
   <div class='ocr_carea' id='block_1_12' title="bbox 200 1937 1761 1994">
    <p class='ocr_par' dir='ltr' id='par_1_12' title="bbox 200 1937 1761 1994">
     <span class='ocr_line' id='line_1_23' title="bbox 200 1937 1761 1994; baseline 0.001 -14"><span class='ocrx_word' id='word_1_123' title='bbox 200 1937 364 1981; x_wconf 82' lang='lat' dir='ltr'>Festus</span> <span class='ocrx_word' id='word_1_124' title='bbox 401 1952 446 1994; x_wconf 89' lang='lat' dir='ltr'>p.</span> <span class='ocrx_word' id='word_1_125' title='bbox 480 1942 566 1980; x_wconf 81' lang='grc'>372</span> <span class='ocrx_word' id='word_1_126' title='bbox 599 1937 660 1981; x_wconf 90' lang='lat' dir='ltr'>M.</span> <span class='ocrx_word' id='word_1_127' title='bbox 718 1937 972 1980; x_wconf 86' lang='lat' dir='ltr'>‘uastum</span> <span class='ocrx_word' id='word_1_128' title='bbox 1003 1964 1060 1969; x_wconf 88' lang='lat'>——</span> <span class='ocrx_word' id='word_1_129' title='bbox 1090 1965 1149 1970; x_wconf 86' lang='lat'>—</span> <span class='ocrx_word' id='word_1_130' title='bbox 1178 1938 1367 1983; x_wconf 90' lang='lat' dir='ltr'>Accius:</span> <span class='ocrx_word' id='word_1_131' title='bbox 1415 1938 1535 1981; x_wconf 87' lang='lat' dir='ltr'>iam’</span> <span class='ocrx_word' id='word_1_132' title='bbox 1578 1952 1615 1983; x_wconf 90' lang='lat' dir='ltr'>e.</span> <span class='ocrx_word' id='word_1_133' title='bbox 1649 1953 1692 1994; x_wconf 91' lang='lat' dir='ltr'>q.</span> <span class='ocrx_word' id='word_1_134' title='bbox 1727 1953 1761 1982; x_wconf 90' lang='lat' dir='ltr'>s.</span> 
     </span>
    </p>
   </div>
   <div class='ocr_carea' id='block_1_13' title="bbox 82 1996 1763 2112">
    <p class='ocr_par' dir='ltr' id='par_1_13' title="bbox 82 1996 1763 2112">
     <span class='ocr_line' id='line_1_24' title="bbox 82 1996 1763 2054; baseline 0.001 -14"><span class='ocrx_word' id='word_1_135' title='bbox 82 1996 255 2040; x_wconf 89' lang='lat' dir='ltr'>Paulus</span> <span class='ocrx_word' id='word_1_136' title='bbox 286 2011 330 2053; x_wconf 91' lang='lat' dir='ltr'>p.</span> <span class='ocrx_word' id='word_1_137' title='bbox 364 2001 449 2039; x_wconf 82' lang='lat'>373</span> <span class='ocrx_word' id='word_1_138' title='bbox 481 1996 542 2040; x_wconf 88' lang='grc' dir='ltr'>Μ.</span> <span class='ocrx_word' id='word_1_139' title='bbox 610 1997 859 2039; x_wconf 88' lang='lat' dir='ltr'>‘uastum</span> <span class='ocrx_word' id='word_1_140' title='bbox 896 2010 1253 2054; x_wconf 83' lang='lat' dir='ltr'>praemagnum,</span> <span class='ocrx_word' id='word_1_141' title='bbox 1291 1997 1481 2054; x_wconf 91' lang='lat' dir='ltr'>ponitur</span> <span class='ocrx_word' id='word_1_142' title='bbox 1519 1999 1677 2041; x_wconf 87' lang='lat' dir='ltr'>tamen</span> <span class='ocrx_word' id='word_1_143' title='bbox 1716 2000 1763 2041; x_wconf 88' lang='lat' dir='ltr'>et</span> 
     </span>
     <span class='ocr_line' id='line_1_25' title="bbox 85 2054 1106 2112; baseline 0.003 -14"><span class='ocrx_word' id='word_1_144' title='bbox 85 2070 168 2112; x_wconf 94' lang='lat' dir='ltr'>pro</span> <span class='ocrx_word' id='word_1_145' title='bbox 200 2055 344 2099; x_wconf 87' lang='lat' dir='ltr'>inani.</span> <span class='ocrx_word' id='word_1_146' title='bbox 407 2055 598 2100; x_wconf 83' lang='lat' dir='ltr'>Accius:</span> <span class='ocrx_word' id='word_1_147' title='bbox 630 2055 775 2098; x_wconf 90' lang='lat' dir='ltr'>hanc</span> <span class='ocrx_word' id='word_1_148' title='bbox 801 2091 808 2099; x_wconf 91' lang='lat'><strong>.</strong></span> <span class='ocrx_word' id='word_1_149' title='bbox 831 2091 839 2099; x_wconf 88' lang='lat'><strong>.</strong></span> <span class='ocrx_word' id='word_1_150' title='bbox 861 2091 868 2099; x_wconf 94' lang='lat'><strong>.</strong></span> <span class='ocrx_word' id='word_1_151' title='bbox 894 2054 1106 2101; x_wconf 83' lang='lat' dir='ltr'>faciet.’</span> 
     </span>
    </p>
   </div>
   <div class='ocr_carea' id='block_1_14' title="bbox 200 2135 1195 2194">
    <p class='ocr_par' dir='ltr' id='par_1_14' title="bbox 200 2135 1195 2194">
     <span class='ocr_line' id='line_1_26' title="bbox 200 2135 1195 2194; baseline 0.001 -14"><span class='ocrx_word' id='word_1_152' title='bbox 200 2135 365 2180; x_wconf 88' lang='lat' dir='ltr'>Peleus</span> <span class='ocrx_word' id='word_1_153' title='bbox 397 2137 685 2194; x_wconf 77' lang='lat' dir='ltr'>trisyllabum</span> <span class='ocrx_word' id='word_1_154' title='bbox 714 2151 767 2180; x_wconf 77' lang='lat' dir='ltr'>x:</span> <span class='ocrx_word' id='word_1_155' title='bbox 799 2137 856 2191; x_wconf 80' lang='lat' dir='ltr'>cf.</span> <span class='ocrx_word' id='word_1_156' title='bbox 889 2137 1039 2181; x_wconf 80' lang='lat' dir='ltr'>coroll.</span> <span class='ocrx_word' id='word_1_157' title='bbox 1071 2137 1195 2181; x_wconf 90' lang='lat' dir='ltr'>LXII</span> 
     </span>
    </p>
   </div>
   <div class='ocr_carea' id='block_1_15' title="bbox 352 2246 972 2384">
    <p class='ocr_par' dir='ltr' id='par_1_15' title="bbox 352 2246 972 2384">
     <span class='ocr_line' id='line_1_27' title="bbox 880 2246 972 2293; baseline 0 0"><span class='ocrx_word' id='word_1_158' title='bbox 880 2246 972 2293; x_wconf 90' lang='lat' dir='ltr'>XV</span> 
     </span>
     <span class='ocr_line' id='line_1_28' title="bbox 352 2314 710 2384; baseline 0 -17"><span class='ocrx_word' id='word_1_159' title='bbox 352 2314 710 2384; x_wconf 81' lang='lat' dir='ltr'>quadrurbem</span> 
     </span>
    </p>
   </div>
   <div class='ocr_carea' id='block_1_16' title="bbox 87 2408 1765 2642">
    <p class='ocr_par' dir='ltr' id='par_1_16' title="bbox 87 2408 1765 2642">
     <span class='ocr_line' id='line_1_29' title="bbox 203 2408 1765 2467; baseline 0.001 -15"><span class='ocrx_word' id='word_1_160' title='bbox 203 2409 368 2452; x_wconf 86' lang='lat' dir='ltr'>Festus</span> <span class='ocrx_word' id='word_1_161' title='bbox 398 2423 442 2464; x_wconf 88' lang='lat' dir='ltr'>p.</span> <span class='ocrx_word' id='word_1_162' title='bbox 476 2412 561 2451; x_wconf 83' lang='lat'>258</span> <span class='ocrx_word' id='word_1_163' title='bbox 587 2408 647 2451; x_wconf 90' lang='lat' dir='ltr'>M.</span> <span class='ocrx_word' id='word_1_164' title='bbox 698 2408 1101 2463; x_wconf 81' lang='lat' dir='ltr'>‘quadrurbem</span> <span class='ocrx_word' id='word_1_165' title='bbox 1139 2410 1345 2453; x_wconf 89' lang='lat' dir='ltr'>Athenas</span> <span class='ocrx_word' id='word_1_166' title='bbox 1385 2408 1553 2453; x_wconf 84' lang='lat' dir='ltr'>Accius</span> <span class='ocrx_word' id='word_1_167' title='bbox 1605 2409 1765 2467; x_wconf 87' lang='lat' dir='ltr'>appel-</span> 
     </span>
     <span class='ocr_line' id='line_1_30' title="bbox 87 2466 1765 2523; baseline 0.001 -12"><span class='ocrx_word' id='word_1_168' title='bbox 87 2467 230 2523; x_wconf 87' lang='lat' dir='ltr'>lauit,</span> <span class='ocrx_word' id='word_1_169' title='bbox 271 2467 397 2523; x_wconf 90' lang='lat' dir='ltr'>quod</span> <span class='ocrx_word' id='word_1_170' title='bbox 437 2466 617 2510; x_wconf 86' lang='lat' dir='ltr'>scilicet</span> <span class='ocrx_word' id='word_1_171' title='bbox 651 2479 707 2509; x_wconf 86' lang='lat' dir='ltr'>ex</span> <span class='ocrx_word' id='word_1_172' title='bbox 737 2466 823 2509; x_wconf 88' lang='lat'>1111</span> <span class='ocrx_word' id='word_1_173' title='bbox 853 2467 1046 2511; x_wconf 90' lang='lat' dir='ltr'>urbibus</span> <span class='ocrx_word' id='word_1_174' title='bbox 1078 2468 1128 2511; x_wconf 89' lang='lat' dir='ltr'>in</span> <span class='ocrx_word' id='word_1_175' title='bbox 1159 2483 1300 2511; x_wconf 92' lang='lat' dir='ltr'>unam</span> <span class='ocrx_word' id='word_1_176' title='bbox 1332 2467 1571 2512; x_wconf 88' lang='lat' dir='ltr'>domicilia</span> <span class='ocrx_word' id='word_1_177' title='bbox 1603 2472 1765 2512; x_wconf 86' lang='lat' dir='ltr'>contu-</span> 
     </span>
     <span class='ocr_line' id='line_1_31' title="bbox 88 2524 1764 2584; baseline 0.001 -13"><span class='ocrx_word' id='word_1_178' title='bbox 88 2527 263 2582; x_wconf 89' lang='lat' dir='ltr'>lerunt,</span> <span class='ocrx_word' id='word_1_179' title='bbox 310 2526 546 2569; x_wconf 88' lang='lat' dir='ltr'>Braurone</span> <span class='ocrx_word' id='word_1_180' title='bbox 594 2524 812 2569; x_wconf 78' lang='lat' dir='ltr'>Eleusine</span> <span class='ocrx_word' id='word_1_181' title='bbox 844 2525 1022 2582; x_wconf 23' lang='lat' dir='ltr'>,Piraeo</span> <span class='ocrx_word' id='word_1_182' title='bbox 1072 2527 1248 2571; x_wconf 85' lang='lat' dir='ltr'>Sunio.’</span> <span class='ocrx_word' id='word_1_183' title='bbox 1312 2526 1486 2570; x_wconf 90' lang='lat' dir='ltr'>Paulus</span> <span class='ocrx_word' id='word_1_184' title='bbox 1517 2542 1562 2584; x_wconf 90' lang='lat' dir='ltr'>p.</span> <span class='ocrx_word' id='word_1_185' title='bbox 1592 2532 1678 2571; x_wconf 86' lang='grc'>259</span> <span class='ocrx_word' id='word_1_186' title='bbox 1701 2527 1764 2572; x_wconf 84' lang='grc' dir='ltr'>Μ.</span> 
     </span>
     <span class='ocr_line' id='line_1_32' title="bbox 91 2583 1453 2642; baseline 0.001 -13"><span class='ocrx_word' id='word_1_187' title='bbox 91 2585 484 2642; x_wconf 84' lang='lat' dir='ltr'>‘quatrurbem</span> <span class='ocrx_word' id='word_1_188' title='bbox 515 2584 724 2627; x_wconf 89' lang='lat' dir='ltr'>Athenas</span> <span class='ocrx_word' id='word_1_189' title='bbox 754 2583 922 2628; x_wconf 89' lang='lat' dir='ltr'>Accius</span> <span class='ocrx_word' id='word_1_190' title='bbox 953 2585 1237 2642; x_wconf 87' lang='lat' dir='ltr'>appellauit’</span> <span class='ocrx_word' id='word_1_191' title='bbox 1272 2599 1309 2630; x_wconf 93' lang='lat' dir='ltr'>e.</span> <span class='ocrx_word' id='word_1_192' title='bbox 1343 2600 1386 2641; x_wconf 92' lang='lat' dir='ltr'>q.</span> <span class='ocrx_word' id='word_1_193' title='bbox 1419 2601 1453 2630; x_wconf 92' lang='lat' dir='ltr'>s.</span> 
     </span>
    </p>
   </div>
   <div class='ocr_carea' id='block_1_17' title="bbox 209 2665 720 2722">
    <p class='ocr_par' dir='ltr' id='par_1_17' title="bbox 209 2665 720 2722">
     <span class='ocr_line' id='line_1_33' title="bbox 209 2665 720 2722; baseline -0.002 -13"><span class='ocrx_word' id='word_1_194' title='bbox 209 2665 510 2722; x_wconf 85' lang='lat' dir='ltr'>quatrurbem</span> <span class='ocrx_word' id='word_1_195' title='bbox 542 2666 720 2709; x_wconf 81' lang='lat' dir='ltr'>Paulus</span> 
     </span>
    </p>
   </div>
   <div class='ocr_carea' id='block_1_18' title="bbox 314 2731 1648 2886">
    <p class='ocr_par' dir='ltr' id='par_1_18' title="bbox 314 2731 1648 2886">
     <span class='ocr_line' id='line_1_34' title="bbox 867 2731 984 2778; baseline 0.017 -2"><span class='ocrx_word' id='word_1_196' title='bbox 867 2731 984 2778; x_wconf 93' lang='lat' dir='ltr'>XVI</span> 
     </span>
     <span class='ocr_line' id='line_1_35' title="bbox 314 2813 1648 2886; baseline 0.001 -19"><span class='ocrx_word' id='word_1_197' title='bbox 314 2858 324 2867; x_wconf 94' lang='lat'><strong>.</strong></span> <span class='ocrx_word' id='word_1_198' title='bbox 387 2815 615 2884; x_wconf 72' lang='lat' dir='ltr'>quorum</span> <span class='ocrx_word' id='word_1_199' title='bbox 653 2813 866 2884; x_wconf 90' lang='lat' dir='ltr'>genitor</span> <span class='ocrx_word' id='word_1_200' title='bbox 902 2815 1074 2867; x_wconf 76' lang='lat' dir='ltr'>fertur</span> <span class='ocrx_word' id='word_1_201' title='bbox 1113 2833 1223 2868; x_wconf 92' lang='lat' dir='ltr'>esse</span> <span class='ocrx_word' id='word_1_202' title='bbox 1263 2834 1358 2885; x_wconf 91' lang='lat' dir='ltr'>ops</span> <span class='ocrx_word' id='word_1_203' title='bbox 1396 2815 1648 2886; x_wconf 75' lang='lat' dir='ltr'>gentibus</span> 
     </span>
    </p>
   </div>
   <div class='ocr_carea' id='block_1_19' title="bbox 183 2914 1767 3037">
    <p class='ocr_par' dir='ltr' id='par_1_19' title="bbox 183 2914 1767 3037">
     <span class='ocr_line' id='line_1_36' title="bbox 209 2914 1767 2971; baseline 0.002 -13"><span class='ocrx_word' id='word_1_204' title='bbox 209 2914 473 2959; x_wconf 84' lang='lat' dir='ltr'>Priscianus</span> <span class='ocrx_word' id='word_1_205' title='bbox 512 2930 557 2971; x_wconf 92' lang='lat' dir='ltr'>p.</span> <span class='ocrx_word' id='word_1_206' title='bbox 592 2919 676 2958; x_wconf 77' lang='grc'>752</span> <span class='ocrx_word' id='word_1_207' title='bbox 707 2914 757 2958; x_wconf 91' lang='grc' dir='ltr'>Ρ.</span> <span class='ocrx_word' id='word_1_208' title='bbox 823 2914 1156 2960; x_wconf 83' lang='lat' dir='ltr'>‘uetustissimi</span> <span class='ocrx_word' id='word_1_209' title='bbox 1200 2918 1359 2961; x_wconf 86' lang='lat' dir='ltr'>tamen</span> <span class='ocrx_word' id='word_1_210' title='bbox 1406 2916 1550 2961; x_wconf 90' lang='lat' dir='ltr'>etiam</span> <span class='ocrx_word' id='word_1_211' title='bbox 1595 2915 1672 2960; x_wconf 88' lang='lat' dir='ltr'>hic</span> <span class='ocrx_word' id='word_1_212' title='bbox 1719 2918 1767 2961; x_wconf 84' lang='lat' dir='ltr'>et</span> 
     </span>
     <span class='ocr_line' id='line_1_37' title="bbox 183 2994 1502 3037; baseline 0.004 -9"><span class='ocrx_word' id='word_1_213' title='bbox 183 2997 320 3030; x_wconf 74' lang='lat' dir='ltr'>scaen.</span> <span class='ocrx_word' id='word_1_214' title='bbox 344 3006 446 3036; x_wconf 78' lang='lat' dir='ltr'>poss.</span> <span class='ocrx_word' id='word_1_215' title='bbox 471 2997 579 3029; x_wconf 81' lang='lat' dir='ltr'>Rom.</span> <span class='ocrx_word' id='word_1_216' title='bbox 603 2997 736 3037; x_wconf 75' lang='lat' dir='ltr'>fragm.</span> <span class='ocrx_word' id='word_1_217' title='bbox 760 2997 817 3029; x_wconf 84' lang='lat' dir='ltr'>ed.</span> <span class='ocrx_word' id='word_1_218' title='bbox 842 2997 1032 3030; x_wconf 72' lang='lat' dir='ltr'>Rmnncx.</span> <span class='ocrx_word' id='word_1_219' title='bbox 1448 2994 1502 3033; x_wconf 80' lang='lat'>17</span> 
     </span>
    </p>
   </div>
  </div>
 </body>
</html>
