1980 3146
206 92 313 144 216
899 90 947 134 L.
981 89 1190 134 ACCIVS

1024 229 1074 275 II

120 299 234 354 3901
1119 298 1347 350 sublime
1386 298 1604 350 auolans

208 387 436 440 Pinnata
473 387 640 438 cauda
677 387 920 438 nostrum
959 386 1141 438 adulat
1178 386 1505 457 sanguinem.

326 486 507 531 Nonius
538 502 582 544 p.
618 491 693 543 17,
723 492 774 530 11
827 486 1116 530 ‘adulatio
1165 489 1236 530 est
1280 485 1655 530 blandimentum
1699 486 1886 543 proprie

211 562 392 602 canum,
424 546 549 602 quod
581 548 629 589 et
660 546 722 590 ad
751 545 963 590 homines
994 547 1198 589 tractum
1228 545 1278 588 in
1309 545 1644 589 consuetudine
1676 548 1757 590 est.
1818 545 1882 589 M.

211 606 313 650 Tul.
347 606 404 649 de
436 606 628 649 deorum
656 607 827 649 natura
856 604 938 648 lib.
970 605 1013 648 H
1039 642 1047 650 .
1069 642 1077 649 .
1099 642 1106 649 .
1132 604 1258 649 idem
1290 604 1348 648 de
1380 603 1544 648 officiis
1575 605 1597 647 I
1718 605 1884 648 Lucre-

210 665 304 710 tius
333 702 339 708 .
362 702 398 708 ..
425 664 594 708 Accius
632 664 909 708 Prometheo
937 665 1023 708 ...²
1086 664 1326 721 Leguntur
1372 663 1535 707 eadem
1579 663 1630 706 in
1674 663 1886 708 versibus
1958 693 1960 695 ι

210 723 480 780 Aeschyleis
519 738 635 779 quos
668 723 825 768 Cicero
858 723 991 767 Tusc.
1026 722 1143 779 disp.
1176 723 1219 766 II
1245 728 1320 779 10,
1348 728 1403 766 23
1442 737 1471 766 a
1511 736 1559 766 se
1589 722 1758 766 Latino
1790 737 1887 766 ser-

210 797 346 827 mone
378 796 616 840 expressos
647 782 857 839 inseruit,
889 797 931 826 v.
967 787 1019 825 17
1032 797 1098 838 sq.
1131 781 1187 826 cf.
1222 781 1379 826 coroll.
1410 782 1547 826 LVH.

332 877 354 915 1
389 870 586 915 sublime
621 872 772 916 Cicero
802 870 874 914 tui
903 870 996 914 mei
1027 872 1176 915 Nonii
1205 888 1240 914 ω
1352 870 1545 914 auolans
1582 871 1815 915 Tua-nebus
1846 876 1890 915 et

215 932 468 976 ‘nonnulli’
504 931 731 976 Ciceronis
769 932 937 975 codices
974 930 1201 974 aduolans
1233 931 1280 987 (i.
1313 945 1347 974 e.
1381 929 1626 987 abuolans)
1659 929 1891 975 Ciceronis

217 991 334 1035 Gud.
367 991 477 1048 Ray.
510 990 660 1035 Bruoe.
693 989 858 1033 uolans
891 989 1040 1033 Nonii
1070 1007 1104 1033 ω

330 1078 577 1122 Praeterea
615 1077 848 1133 quaedam
884 1077 1083 1121 fortasse
1119 1091 1175 1121 ex
1204 1077 1410 1121 Acciana
1439 1077 1602 1122 fabula
1633 1078 1892 1121 Varronem

213 1137 262 1180 in
314 1152 446 1180 suam
489 1135 754 1180 Promethei
799 1135 938 1180 liberi
984 1138 1192 1180 saturam
1235 1136 1547 1180 ludibundum
1591 1135 1892 1180 transtulisse

215 1196 328 1240 olim
381 1195 642 1252 suspicatus
699 1210 819 1240 sum:
883 1197 1007 1239 certe
1061 1210 1089 1239 a
1141 1195 1322 1253 tragico
1376 1196 1530 1240 colore
1582 1210 1677 1239 non
1730 1195 1890 1239 aliena

214 1255 267 1299 fr.
299 1255 452 1299 I-—VI
474 1256 526 1299 B.
587 1254 798 1310 Denique
831 1255 890 1297 ad
921 1254 1047 1298 idem
1078 1257 1403 1312 argumentum
1435 1258 1644 1311 spectare
1671 1254 1895 1298 videntur

214 1315 302 1358 inc.
335 1314 429 1358 fab.
461 1313 515 1358 fr.
548 1313 864 1358 XXH——XXV
896 1317 943 1357 et
973 1313 1061 1359 inc.
1094 1314 1183 1358 inc.
1216 1314 1310 1359 fab.
1343 1314 1575 1357 LXXXIV
1592 1328 1657 1369 sq.

937 1469 1174 1517 MEDEA

1045 1573 1070 1619 I

960 1663 1153 1716 Pastor

131 1774 214 1812 391
837 1753 988 1804 tanta
1025 1752 1192 1804 moles
1231 1752 1433 1804 labitur

219 1842 579 1895 Fremibunda
618 1860 682 1893 ex
721 1842 829 1893 alto
868 1841 1075 1911 ingenti
1113 1841 1292 1893 sonitu
1332 1843 1385 1893 et
1423 1839 1630 1910 spiritu.

219 1930 352 1983 Prae
393 1948 447 1983 se
485 1930 652 1982 undas
690 1930 886 1999 uoluit,
924 1929 1151 1981 uertices
1188 1930 1246 1981 ui
1285 1930 1527 1982 suscitat:

220 2018 354 2073 Ruit
390 2018 660 2087 prolapsa,
697 2018 919 2088 pelagus
957 2016 1222 2087 respargit
1259 2017 1425 2069 reflat.

133 2128 219 2166 395
236 2105 320 2159 Ita
359 2107 485 2158 dum
522 2106 884 2175 interruptum
924 2105 1104 2157 credas
1141 2104 1386 2157 nimbum
1424 2105 1653 2174 uoluier,
1877 2119 1900 2151 5

222 2195 366 2246 Dum
406 2194 550 2262 qu6d
587 2193 813 2246 sublime
853 2193 1030 2245 uentis
1069 2194 1350 2262 expulsum
1388 2194 1504 2262 rapi

226 2283 424 2336 Saxum
464 2285 556 2334 alit
594 2282 865 2352 procelliS‚
903 2282 991 2333 uel
1028 2282 1280 2352 globosos
1317 2282 1559 2334 turbines

224 2372 470 2424 Existere
509 2371 644 2422 ictos
684 2371 841 2422 undis
881 2370 1343 2422 concursantibus:

223 2460 345 2513 Nisi
385 2460 514 2528 quas
552 2459 817 2510 terrestris
856 2460 1052 2527 p6ntus
1092 2461 1295 2527 strages
1334 2458 1560 2526 conciet,

137 2569 224 2605 400
241 2548 352 2600 Aut
389 2548 527 2600 forte
567 2546 757 2599 Triton
794 2547 1003 2598 fuscina
1043 2548 1284 2598 euertens
1322 2563 1507 2614 specus
1860 2563 1902 2592 10

229 2636 423 2705 Supter
460 2634 662 2686 radices
700 2635 914 2703 penitus
953 2634 1186 2686 undante
1225 2633 1282 2685 in
1320 2633 1457 2685 freto

227 2723 424 2775 Molem
464 2724 528 2774 ex
565 2722 830 2791 profundo
870 2724 1080 2775 saxeam
1121 2722 1186 2774 ad
1224 2722 1426 2775 caelum
1465 2720 1636 2789 erigit.

345 2831 490 2873 Ι-ΙΙΙ
515 2829 671 2874 Cicero
697 2831 754 2874 de
778 2834 873 2874 nat.
900 2831 1022 2874 deor.
1048 2830 1091 2873 H
1107 2835 1176 2886 35,
1195 2834 1250 2873 89
1282 2827 1431 2883 ‘atqui
1454 2827 1535 2870 ille
1560 2829 1685 2884 apud
1708 2829 1901 2872 Accium

228 2891 450 2944 pastor,
491 2888 571 2943 qui
609 2902 777 2932 nauem
815 2904 1070 2944 numquam
1108 2891 1216 2931 ante
1247 2886 1464 2942 uidisset,
1503 2889 1556 2929 ut
1586 2887 1747 2942 procul
1779 2887 1899 2930 diui-
