2010 3146
131 1588 185 1628 95

226 76 298 130 30
814 47 816 49 ’
914 73 964 127 Q.
997 55 1224 118 ENNIVS

225 209 357 253 cius,
386 244 395 253 .
425 209 454 253 .'
517 208 664 252 Varro
711 207 769 251 de
814 207 844 252 l.
884 206 913 251 1.
946 206 989 250 X
1022 210 1077 250 70
1106 206 1168 249 Μ.
1234 205 1354 249 ‘non
1397 206 1535 250 modo
1581 208 1770 263 poetae,
1819 206 1900 250 sed

225 267 368 312 etiam
419 266 630 324 plerique
656 303 663 311 .
694 304 701 311 .
729 302 739 311 .
767 265 989 310 dicebant
1039 267 1094 309 ut
1147 266 1441 320 quaestorem
1491 267 1754 322 praetorem
1769 302 1779 321 ‚
1834 264 1900 309 sic

223 327 470 371 Hectorem
492 325 748 369 Nestorem.
796 325 961 380 Itaque
983 323 1162 367 Ennius
1187 322 1258 367 ait
1281 324 1381 390 [3].’
1430 323 1485 369 V.
1511 330 1537 368 2
1564 324 1902 368 obversabatur

223 385 431 442 Vergilio
455 385 567 428 Aen.
586 384 608 427 I
622 388 723 428 483.
771 383 1030 439 Vtrumque
1054 382 1209 427 locum
1233 384 1530 426 comunctum
1545 383 1900 428 Andromachae

223 444 391 488 tribuit
422 442 641 500 Scaliger.
863 453 867 462 ¹
1249 452 1251 454 ·

341 537 364 576 1
397 545 471 576 me
501 541 562 589 ψε
595 532 653 587 cf.
686 532 835 576 coroll.
867 530 974 574 XXI
1006 545 1108 574 sum
1147 531 1280 575 Vz‘nd.
1315 545 1345 574 α
1375 530 1555 586 Βαίεο.,
1587 531 1812 576 Davisius

223 596 249 634 3
289 591 346 635 de
391 590 593 635 Troiano
639 604 770 634 muro
811 608 866 635 co:
913 592 1130 649 ylo-§sema
1175 590 1302 635 eiecit
1342 588 1543 647 Scaliqer
1586 646 1590 650 ι
1682 589 1902 634 iactarier

222 651 426 709 Scaliyer
455 649 623 693 iactari
655 667 689 693 ω

1001 744 1124 791 ΧΠΙ

367 837 558 891 Festus
598 857 648 907 p.
689 837 796 890 298
829 835 900 888 M.
955 835 1318 905 ‘[summ]ussi
1372 835 1683 888 dicebantur
1737 834 1901 904 [mur-

441 925 762 995 muratores]
804 967 814 977 .
848 967 857 977 .
895 923 1135 978 Naeuius
1173 952 1245 962 ——
1284 922 1492 976 Ennius
1536 924 1592 975 in
1639 926 1789 976 sexto
1826 954 1900 961 —

442 1014 698 1085 [Enniu]s
752 1014 816 1066 in
869 1012 1335 1066 Andromacha:
1394 1012 1454 1064 di
1693 1031 1729 1064 n
1783 1015 1899 1064 est:

440 1122 578 1156 nam
618 1120 899 1156 mussare
938 1102 991 1154 si
1025 1143 1214 1154 .....
1218 1102 1235 1124 ’

336 1205 407 1248 Ex'
435 1205 524 1249 hac
554 1203 717 1248 fabula
747 1202 905 1247 nescio
938 1217 999 1246 an
1032 1202 1094 1247 sit
1124 1202 1212 1247 inc.
1245 1216 1367 1246 nom.
1399 1201 1518 1245 XIII.

843 1400 1268 1451 ANDROMEDA

1044 1505 1070 1552 I

367 1619 377 1629 .
403 1619 413 1628 .
447 1594 581 1646 quae
621 1577 752 1629 caua
791 1575 923 1628 caeli

293 1664 754 1736 Signitenentibus
793 1662 1013 1716 conficis
1052 1662 1195 1734 bigis

245 1770 251 1775 '
294 1779 296 1781 ·
334 1765 481 1809 Varro
520 1765 577 1809 de
615 1765 645 1810 1.
686 1765 715 1810 l.
748 1764 791 1808 V
817 1768 871 1808 19
895 1764 956 1808 Μ.
1023 1764 1077 1806 ‘a
1109 1762 1235 1807 Chao
1277 1777 1444 1807 cauum
1483 1765 1530 1807 et
1569 1762 1678 1806 hinc
1714 1762 1895 1806 caelum

220 1860 228 1867 .
249 1860 257 1868 .
280 1860 288 1868 .
310 1823 497 1880 ,itaque
521 1824 638 1868 dicit
659 1823 958 1867 Andromeda
979 1821 1127 1866 nocti:
1161 1823 1299 1877 quae’
1327 1836 1364 1867 e.
1390 1837 1433 1878 q.
1461 1837 1494 1867 s.
1530 1859 1538 1867 .
1561 1859 1568 1866 .
1588 1859 1596 1866 .
1629 1823 1694 1866 ‘et
1715 1821 1892 1866 Ennius

217 1882 332 1926 item
363 1883 424 1926 ad
455 1883 750 1927 cauationem
775 1920 783 1927 .
805 1919 812 1927 .
834 1883 862 1927 ‚²
905 1881 1280 1938 (Andromeda
1312 1881 1518 1939 Scaliger
1549 1881 1894 1925 andromada

217 1941 319 1986 Par.
363 1942 407 1986 b.
442 1943 710 1986 androma
747 1941 867 1986 Flor.
907 1941 976 1984 Ex
1013 1939 1249 1997 Euripidis
1289 1940 1586 1985 Andromeda
1623 1939 1675 1985 fr.
1719 1945 1803 1984 114
1834 1939 1890 1983 N.

219 1995 254 2044 ὦ
285 2001 368 2054 νὺξ
401 2000 524 2058 ἱερά,
559 2004 575 2059 ΙΙ
612 2003 672 2052 ὡς
711 2000 892 2058 μακρὸν
930 1999 1138 2057 ἵππευμα
1170 2001 1352 2052 διώκεις
1389 2002 1404 2057 ΙΙ
1441 1996 1737 2055 ἀστεροειδέα
1768 2006 1893 2043 νῶτα

218 2058 490 2116 &epp-saiw&
517 2062 532 2117 ΙΙ
557 2059 751 2117 αἰθέρος
774 2060 877 2115 ἱρᾶς
899 2061 915 2117 ΙΙ
936 2066 1018 2103 τοῦ
1043 2057 1323 2116 σεμνοτάτου
1348 2057 1413 2103 δι’
1434 2057 1672 2115 Ὀλύμπου.
1707 2057 1891 2101 Caelius

216 2118 494 2162 Aurelianus
531 2119 554 2162 I
583 2125 611 2163 4
663 2118 894 2176 ‘tragicus
939 2120 1082 2174 poeta
1128 2131 1344 2162 sacram
1389 2119 1633 2172 noctem,
1685 2117 1774 2160 hoc
1820 2118 1894 2160 est

217 2191 437 2234 magnam
476 2178 759 2234 appellauit’
802 2190 922 2233 quae
962 2176 1254 2220 ad'Ennium
1291 2176 1447 2233 potius
1487 2189 1628 2232 quam
1668 2176 1729 2219 ad
1758 2174 1892 2218 Euri-

216 2234 373 2291 pidem
395 2237 638 2281 referenda
660 2237 878 2281 videntur
901 2235 1184 2280 Buechelero
1208 2235 1303 2280 ind.
1329 2235 1456 2279 lectt.
1482 2235 1628 2280 Bonn.
1656 2240 1768 2279 1877
1785 2250 1829 2291 p.
1847 2240 1888 2279 4.
1970 2238 1974 2242 ’

336 2329 358 2366 1
401 2339 520 2380 quae
566 2326 767 2384 Scaliyer
813 2338 902 2381 que
944 2342 978 2368 ω
1117 2329 1142 2368 2
1192 2323 1582 2381 signitenentibus
1629 2324 1892 2380 emplanavit

219 2382 458 2439 Hauptius
489 2385 643 2430 Herm.
680 2390 718 2442 1,
746 2389 800 2429 25

1023 2479 1075 2526 II

218 2566 472 2620 Liberum
512 2569 874 2637 quaesundum
915 2586 1070 2621 causa
1107 2569 1342 2621 familiae
1379 2570 1605 2621 matrem
1643 2571 1765 2619 tuae

334 2667 498 2711 Festus
542 2683 585 2724 p.
620 2674 705 2713 258
735 2670 797 2713 Μ.
867 2670 1164 2724 ‘quaesere
1209 2669 1398 2727 ponitur
1445 2668 1503 2711 ab
1553 2667 1757 2722 antiquis
1803 2681 1886 2722 pro

218 2739 458 2783 quaerere,
501 2730 556 2770 ut
585 2730 656 2770 est
695 2728 819 2784 apud
850 2728 1051 2771 Ennium
1081 2755 1139 2762 -—
1171 2755 1224 2762 —
1259 2731 1307 2773 et
1343 2727 1393 2771 in
1423 2726 1749 2770 Andromedoa
1782 2762 1790 2769 .
1819 2762 1826 2770 .
1856 2726 1883 2770 .’

219 2784 274 2827 cf.
306 2784 461 2841 Eurip.
494 2786 712 2829 Androm.
744 2786 797 2830 fr.
834 2791 916 2829 132
941 2786 1020 2830 ΝΞ.

336 2873 651 2926 quaesendum
679 2875 812 2931 vulgo
843 2873 1100 2929 quaesdum
1131 2876 1223 2919 cod.
1279 2874 1285 2880 ’
