2010 3146
170 103 241 155 14
805 102 895 147 CN.
927 100 1194 146 NAEVIVS
1215 137 1218 139 .

226 249 398 291 aquam
429 234 642 279 creterris
676 248 855 278 sumere
887 248 943 278 ex
973 233 1123 291 fonte]
1149 232 1361 277 creterris
1387 247 1566 278 sumere
1591 248 1763 290 aquam
1787 247 1843 278 ex

163 297 307 351 ponte
332 313 367 339 ω
391 310 441 352 p.
468 299 567 350 547,
600 295 694 338 nisi
716 295 836 351 quod
857 293 986 337 fonte
1011 293 1068 336 H
1071 293 1117 335 P
1144 293 1310 348 sponte
1332 293 1483 337 BaL1
1508 307 1541 336 s.
1568 307 1609 337 a.
1635 306 1691 337 ex
1713 293 1842 337 fonte

165 371 200 398 ω
225 369 273 411 p.
301 358 358 398 84
449 353 736 409 Anapaestos
764 366 876 396 nam
897 354 952 395 ut
973 351 1133 395 ludere
1157 349 1381 394 laetantis
1405 350 1528 395 inter
1551 365 1600 396 se
1623 352 1841 409 uidimus,

163 415 217 456 ut
263 415 421 469 petere
468 413 671 468 amnem,
716 413 721 467 Ι
765 410 976 455 creterris
1017 423 1195 454 sumere
1235 424 1409 465 aquam
1447 412 1503 454 ex
1541 411 1688 455 fontei
1728 426 1841 457 com-

161 473 388 517 mendavit
418 472 522 516 Bue

915 579 1084 627 XVIII

159 665 324 718 Pallis
361 665 592 736 patagii's
632 665 859 717 crocotis
896 663 1115 716 malacis
1153 662 1511 715 mortualibus

275 766 395 810 Non.
430 770 536 822 540,
570 769 595 809 5
647 764 993 822 ‘patagium‚
1042 777 1209 808 aureus
1257 763 1438 820 clauus,
1495 763 1576 819 qui
1620 763 1837 820 pretiosis

158 825 368 870 uestibus
406 824 583 869 inmitti
616 823 760 869 solet.
784 861 791 868 .
812 825 840 868 .’
905 824 1033 868 Idem
1065 829 1175 879 548,
1203 828 1257 867 26
1293 822 1537 867 ‘caltulam
1570 824 1618 866 et
1648 837 1840 867 croco-

157 884 356 941 tulam‚
396 886 644 940 utrumque
685 898 712 927 a
752 883 1002 940 generibus
1034 882 1200 926 florum
1230 881 1535 938 translatum,
1575 895 1603 925 a
1635 881 1760 926 calta
1793 884 1840 926 et

163 957 191 987 a
222 957 355 987 croco
375 980 382 987 .
404 980 412 988 .
437 945 465 988 .’

275 1031 455 1076 malicis
488 1033 553 1076 W
570 1047 619 1089 p.
646 1036 732 1076 540
770 1030 983 1075 malaciis
1015 1031 1093 1075 Ba
1136 1029 1345 1074 malatiis
1379 1047 1414 1086 φ
1440 1044 1489 1086 p.
1524 1033 1608 1073 548
1640 1029 1836 1073 manicis

157 1091 336 1136 Aldina
366 1107 414 1148 p.
450 1095 535 1135 540
654 1089 933 1135 mortalibus
973 1107 1008 1134 ω
1040 1104 1088 1146 p.
1124 1092 1209 1133 548
1328 1087 1540 1132 malaciis
1585 1088 1837 1133 monilibus

163 1151 390 1209 Berykius

941 1244 1056 1291 XIX

96 1385 100 1389 ,
159 1329 305 1399 <ssc>
344 1330 456 1382 sine
495 1329 635 1381 ferro
675 1330 842 1398 pecua
880 1327 1127 1380 manibus
1158 1327 1377 1397 <sueta>
1408 1330 1470 1379 ut
1509 1327 1574 1379 ad
1611 1328 1840 1380 mortem

70 2035 126 2073 45

1484 1419 1677 1468 meant.

275 1518 396 1563 Non.
437 1523 543 1574 159,
578 1523 601 1561 7
660 1518 862 1574 ‘pecua
909 1518 956 1561 et
999 1516 1181 1573 pecuda
1227 1516 1297 1560 ita
1342 1519 1395 1560 ut
1435 1529 1605 1573 pecora
1651 1518 1835 1560 ueteres

160 1576 385 1621 dixerunt.
431 1576 611 1621 Neuius
638 1613 647 1622 .
668 1613 676 1620 .
697 1613 705 1622 .
731 1576 858 1620 idem
879 1576 1112 1633 Lycurgo:
1146 1575 1246 1620 sine
1269 1575 1391 1619 ferro
1422 1588 1632 1632 pecora
1658 1575 1835 1619 mani-

158 1635 257 1680 bus
303 1639 358 1680 ut
404 1636 465 1680 ad
509 1652 569 1681 m.
609 1651 669 1681 m.
709 1634 878 1679 Accius
917 1635 1225 1692 Astyanacte:
1274 1635 1324 1678 in
1373 1634 1508 1679 celsis
1546 1634 1836 1679 montibus

157 1709 335 1752 pecua
366 1698 508 1751 atque
539 1695 662 1739 inter
694 1694 835 1739 colles
866 1695 1090 1751 pascunt'
1127 1708 1164 1738 e.
1200 1709 1241 1750 q.
1278 1708 1311 1738 s.

274 1797 423 1840 pecua
447 1784 679 1830 Mercerus
708 1796 877 1840 pecora
894 1801 929 1827 ω
1015 1785 1261 1826 mansueta
1286 1782 1347 1826 ad
1371 1797 1430 1826 m.
1456 1797 1515 1826 m.
1541 1783 1721 1827 senario
1738 1783 1839 1828 Bue

950 1938 1041 1985 XX

161 2065 171 2074 .
203 2025 264 2074 ut
301 2021 511 2074 uideam
550 2021 777 2075 Volcani
818 2040 978 2091 opera
1014 2021 1145 2074 haec
1183 2021 1412 2074 flammis
1450 2021 1583 2073 flora
1620 2020 1742 2072 fieri

275 2123 394 2167 Non.
423 2127 521 2179 109,
548 2127 602 2166 25
639 2122 856 2167 ‘flora’.

276 2212 580 2267 septenarium
617 2212 797 2268 expleas
834 2212 1191 2268 transponendo:
1236 2210 1354 2254 haec
1394 2211 1448 2253 ut
1485 2209 1674 2252 uideam
1705 2209 1759 2253 V.
1794 2223 1833 2253 ο.

217 2268 316 2312 fieri
340 2268 454 2313 flora
479 2287 513 2314 ω
589 2271 833 2316 iambicum
856 2271 1138 2315 octonarium
1162 2270 1395 2315 dimetitwr
1424 2268 1610 2324 Onions,
1635 2270 1688 2312 in
1710 2269 1837 2313 eaeitu

160 2326 354 2371 feruidis
386 2330 612 2385 supplens.

941 2424 1058 2471 XXI

159 2504 388 2558 Proinde
425 2505 530 2558 huc
556 2506 808 2576 ,Dryante
846 2509 1026 2579 regem
1064 2509 1389 2578 prognatum
1425 2508 1599 2575 patre,

160 2592 466 2664 Lycurgum
505 2597 662 2648 cette!

187 2751 244 2795 ed
276 2693 394 2773 131011.
420 2698 491 2750 84,
515 2699 571 2738 32
611 2696 788 2740 ‘cette
820 2695 1056 2753 significat
1086 2695 1228 2740 dicite
1259 2694 1336 2739 uel
1368 2695 1492 2750 date,
1526 2692 1586 2736 ab
1619 2705 1673 2736 eo
1706 2692 1832 2747 quod

161 2764 184 2794 c
248 2765 287 2796 0.

276 2839 470 2895 proinde
508 2840 598 2884 huc
636 2841 862 2900 Dryante]
900 2841 1035 2898 proin
1067 2841 1350 2889 dustriantte
1383 2858 1418 2884 ω
1460 2839 1596 2896 proin
1626 2839 1833 2896 Dryante

161 2897 334 2942 Junius
422 2901 604 2954 patrem
635 2900 700 2944 W
