1980 3146
200 115 303 168 100
832 113 892 158 M.
925 111 1189 158 PAGVVIV
1190 112 1220 157 S

205 249 348 293 Varro
377 248 485 302 hoc,
517 246 642 302 quod
672 259 895 301 memoro,
927 245 1075 289 nostri
1109 244 1290 290 caelum
1321 244 1471 291 Cicero
1502 247 1686 302 terram,
1717 246 1867 291 nostri

197 306 377 350 caelum
406 306 663 349 memorant
693 305 991 359 Heindorfiius
1083 309 1108 348 7
1141 317 1286 359 aeque
1317 305 1420 349 Bue
1450 318 1539 360 que
1570 307 1724 362 (quae)
1748 323 1783 350 ω

199 367 338 421 atque
369 382 403 408 ω
437 377 582 420 aeque
617 363 817 421 Scaliyer
980 429 1078 476 VH

196 515 367 567 Mater
420 516 634 566 terrast:
694 514 837 582 parit
890 513 1019 566 haec
1074 531 1264 581 corpus
1272 555 1286 582 ‚
1339 512 1570 565 animam
1622 513 1869 585 (autem)

1256 604 1400 653 aeter
1438 601 1669 672 adiugat.

313 703 432 747 Non.
461 707 537 759 75,
564 708 615 746 11
654 703 974 761 ‘adiugare‚
1012 701 1276 759 adiungere.
1340 701 1577 746 Plautus
1609 702 1867 760 Chryse...

197 762 345 806 idem
372 761 524 806 Iliona
548 799 556 808 .
578 799 585 806 .
607 763 634 806 .’
700 761 998 819 (Pacuuius
1030 760 1218 818 Aldina)
1271 761 1418 804 Varro
1451 761 1508 804 de
1539 761 1568 806 1.
1602 761 1632 806 1.
1661 762 1703 806 V
1727 766 1783 806 60
1806 763 1867 806 Μ.

201 821 400 865 ‘caelum
438 823 485 865 et
522 823 647 865 terra
686 820 841 865 omnia
879 822 1196 878 exgenuerunt
1221 856 1229 863 .
1258 856 1266 863 .
1296 854 1305 863 .
1330 821 1454 864 recte
1493 819 1638 877 igitur
1671 820 1870 865 Pacuius

198 881 322 935 quod
353 879 442 926 ait:
475 879 715 924 animam
747 880 946 924 aether
978 879 1250 936 adiugat.’

314 970 463 1012 mater
492 970 682 1027 terrast]
713 970 862 1012 mater
893 970 965 1012 est
995 970 1118 1012 terra
1145 977 1180 1011 ’ω
1272 966 1398 1024 parit
1428 967 1562 1026 haec]
1587 982 1643 1012 ea
1664 967 1790 1024 parit
1813 985 1869 1013 m:

197 1029 250 1072 iu
281 1029 517 1084 procellosi
553 1029 812 1073 dubitanter
852 1029 1018 1073 admisi
1144 1026 1305 1070 aether
1345 1026 1493 1083 (ether
1533 1027 1679 1084 Flor.)
1727 1028 1871 1072 Vwrro

202 1089 301 1131 ater
331 1088 514 1131 Nouius

968 1151 1093 1200 Vm

149 1223 151 1225 ¹
199 1235 337 1289 'Idae
375 1236 829 1307 promunturium,
869 1236 1060 1305 quoius
1097 1234 1282 1307 lingua
1321 1236 1377 1288 in
1417 1236 1585 1288 altum
1623 1236 1817 1305 proicit

117 2015 172 2054 95

319 1337 496 1381 Gellius
512 1337 576 1381 IV
594 1342 647 1382 17
666 1337 853 1394 (positu,
877 1351 972 1381 non
993 1338 1163 1380 natura
1184 1336 1380 1393 produci
1403 1336 1453 1379 in
1478 1351 1613 1381 versu
1638 1336 1874 1381 obiciebat

203 1396 410 1441 conicere
443 1395 616 1441 subicit
645 1395 766 1440 inice
798 1395 980 1440 subices
1011 1396 1257 1453 vocabula)
1297 1395 1372 1439 ‘id
1401 1396 1554 1452 ipsum
1586 1398 1742 1440 autem
1771 1410 1872 1440 uer-

200 1456 337 1499 bum’
383 1458 460 1513 (sc.
507 1455 646 1512 iacio)
696 1456 781 1500 οΜ.
824 1454 937 1499 Cato
986 1455 1070 1498 sub
1118 1454 1213 1499 alia
1257 1454 1600 1512 praepositione
1649 1454 1764 1499 dicit
1789 1491 1797 1499 .
1825 1491 1833 1499 .
1863 1491 1871 1499 .

201 1543 416 1600 proicit
459 1543 509 1587 in
549 1544 708 1588 altum.
771 1543 832 1587 Et
869 1543 1099 1587 Pacuuius
1136 1543 1261 1588 vitem
1305 1542 1355 1586 in
1394 1543 1599 1599 Chryse
1626 1544 1712 1588 ...³
1762 1516 1872 1600 (cisse

202 1604 328 1648 Rott.
362 1602 538 1660 chise,
570 1603 850 1659 Anchyse,
882 1602 1128 1646 Anchise
1158 1602 1454 1659 recentiores)

319 1688 428 1736 Idae
462 1693 644 1737 Vossius
682 1691 731 1734 id
763 1708 798 1734 ω
837 1691 920 1734 Ida
951 1691 1013 1736 N.
1046 1692 1269 1737 Heinsius
1385 1690 1604 1748 pm‘iturifi
1640 1692 1738 1736 Vat.
1769 1705 1872 1747 pro-

202 1750 485 1795 muntorium
507 1751 617 1809 Rey.
648 1749 982 1807 promatorium
1004 1751 1126 1796 Rott.
1157 1749 1524 1808 promontorium
1547 1767 1603 1806 φε
1636 1751 1691 1805 cf.
1725 1751 1872 1795 coroll.

203 1809 304 1853 XLI
393 1809 522 1867 linga
556 1811 654 1854 Vat.
688 1809 900 1866 linguam
939 1810 1037 1854 Vat.
1071 1810 1180 1868 Rey.
1213 1811 1334 1855 Rott.

1002 1921 1074 1967 IX

206 2046 393 2056 .....
431 2003 628 2073 incipio
667 2004 854 2056 saxum
893 2007 1159 2074 temptans
1197 2004 1443 2056 scandere

204 2091 501 2163 Vorticem‚
550 2110 577 2144 e
623 2091 948 2161 summisque
995 2093 1056 2145 in·
1097 2093 1268 2145 omnis
1314 2093 1491 2161 partes
1535 2092 1873 2159 prospectum

1260 2184 1476 2249 aucupa

322 2282 441 2325 Non.
459 2286 559 2337 467,
580 2285 634 2324 15
661 2281 989 2337 ‘aucupaui‚
1015 2281 1221 2325 actiuum
1241 2280 1446 2338 positum
1467 2294 1550 2337 pro
1574 2279 1760 2337 passiuo
1781 2317 1788 2324 .
1810 2315 1817 2324 .
1837 2315 1870 2324 ..

207 2339 436 2383 Pacuuius
468 2339 640 2396 Chryse
667 2340 752 2383 ...’
804 2339 1028 2397 (Chryse
1060 2341 1161 2384 edd.
1189 2340 1393 2396 Crysae
1426 2340 1495 2383 ed.
1522 2338 1662 2384 Basil.
1697 2338 1873 2382 crisse

208 2398 334 2442 Harl.
369 2398 568 2444 Cresae
599 2398 726 2442 Leid.
760 2399 939 2455 Bamb.)

325 2491 351 2528 2
382 2486 432 2529 in
471 2486 659 2530 summis
697 2486 805 2530 dein
835 2486 1036 2531 hominis
1069 2504 1125 2542 ω,
1163 2488 1240 2532 sed
1269 2486 1533 2531 hominibus
1564 2487 1641 2530 Ba
1671 2485 1720 2528 in
1752 2499 1872 2528 sum-

207 2559 346 2600 mum,
380 2545 487 2589 dein
517 2545 567 2588 in
599 2545 745 2589 omnis
779 2546 969 2603 Lipsius
1000 2559 1294 2602 summusque
1326 2547 1410 2603 (vel
1441 2559 1680 2610 summum,
1717 2545 1873 2600 atque)

208 2603 257 2646 in
303 2603 450 2707 otmnis
473 2606 683 2706 BBothius
727 2607 906 2650 senario
1025 2605 1075 2648 in
1121 2604 1309 2648 summis
1351 2603 1459 2648 dein
1498 2602 1643 2647 omnis
1682 2617 1725 2658 p.
1766 2616 1874 2658 pro-

210 2675 315 2718 spcc
338 2677 369 2705 u
399 2677 427 2706 a
521 2678 574 2708 ue

1019 2730 1064 2777 X

1073 2813 1204 2865 aesti
1229 2813 1379 2888 ⁴forte
1419 2829 1482 2863 ex
1503 2806 1666 2863 'arido

327 2910 445 2955 Non.
477 2916 577 2968 484,
605 2917 656 2955 11
694 2912 868 2957 ‘aesti
897 2927 980 2969 pro
1014 2913 1199 2956 aestus.'
