2020 3140
312 159 314 162 .
403 91 493 145 ‘EX
523 101 801 146 INCERTIS
832 101 1231 146 INCERTORVM
1261 101 1513 145 FABVLIS
1695 103 1802 154 283

120 234 402 280 animalibus
442 234 683 280 inanimaz·
712 235 887 278 ferro’
924 248 960 278 e.
994 249 1037 290 q.
1073 249 1106 277 s,
1170 233 1356 291 Tragici
1395 248 1579 278 versum
1610 235 1805 292 agnovit

121 295 351 349 Muretus,
393 297 440 338 et
472 293 585 338 satis
618 294 820 350 quadrat
851 307 907 337 ex
938 293 1180 350 Sophoclis
1212 293 1476 337 Philocteta
1506 293 1805 351 Neoptolemi

23 350 30 356 ’
121 355 180 397 de
218 353 401 397 Achille
442 352 619 396 dictum
659 368 700 397 v.
734 358 823 396 334
860 350 1091 408 τέθνηκεν
1130 352 1303 408 ἀνδρὸς
1341 353 1555 408 οὐδενὸς,
1601 357 1721 398 θεοῦ
1753 352 1800 397 δ’

119 412 211 457 ὕπο
230 431 269 457 κ.
288 430 325 456 τ.
345 415 397 468 λ.,
424 414 477 456 ut
503 412 563 456 ad
579 412 710 456 Accii
727 412 1041 455 Philoctetam
1063 412 1180 471 haec
1202 411 1513 468 probabiliter
1530 412 1802 457 referantur.

239 502 395 545 ferron
434 515 496 545 an
534 500 635 544 fato
674 502 777 544 Bue
814 500 935 543 ferro
976 514 1036 543 an
1074 499 1173 543 fato
1209 501 1371 545 Bamb.
1412 500 1533 544 ferro
1571 514 1666 544 non
1703 501 1803 545 fato

120 561 324 605 Ambros.
353 561 539 605 Monac.
565 561 729 604 Bamb.
754 574 811 603 m.
838 565 864 602 2
895 558 1016 602 ferro
1049 572 1168 602 anne
1199 558 1300 602 fato
1325 559 1539 604 eretus
1565 559 1678 615 fato,
1710 574 1805 604 non

119 619 239 663 ferro
288 621 581 675 adfirmativa
627 620 851 663 sententia
897 619 1003 662 olim
1049 619 1288 662 edideram.
1386 632 1593 662 emoerus
1639 620 1802 665 Bamb.

118 694 175 723 m.
203 684 228 722 2
264 679 368 723 enio
402 678 500 722 eius
533 678 720 722 Monac.
832 691 997 734 argum
1027 678 1232 721 Ambros.

769 783 772 786 ’
856 802 1066 849 XXXVI

119 887 323 940 Tetuh't
361 887 544 939 senilis
582 886 750 939 Poeas
790 887 856 938 ad
895 886 1099 938 oachim
1139 904 1341 938 manus.
1807 903 1862 942 70

242 987 434 1044 Pompei
466 989 779 1031 commentum
803 986 929 1031 CGL.
955 987 997 1030 V
1020 1002 1063 1043 p.
1091 991 1175 1031 296
1200 987 1254 1031 Κ.
1291 987 1490 1044 ‘figurae
1522 987 1640 1031 fiunt
1663 1001 1805 1031 causa

122 1050 315 1091 ornatus
343 1084 380 1091 ..
403 1083 410 1091 .
435 1049 572 1103 puta:
617 1045 824 1090 tetulit
850 1083 887 1092 ..
909 1083 916 1090 .
942 1060 1154 1091 manus.
1218 1046 1424 1090 tetulit
1461 1061 1544 1103 pro
1585 1060 1638 1090 eo
1678 1047 1804 1102 quod

123 1109 195 1150 est
231 1106 357 1150 tulit.
407 1106 566 1150 stabat
604 1105 686 1149 ille
724 1119 885 1149 uersus
927 1119 987 1148 an
1023 1112 1147 1150 non?
1195 1106 1234 1148 si
1271 1105 1428 1162 potuit
1466 1108 1589 1149 stare
1628 1119 1803 1162 uersus,

120 1168 258 1223 puta:
298 1164 533 1209 tulit...
560 1179 776 1219 manus,
816 1168 864 1208 et
902 1163 983 1208 ille
1013 1164 1183 1208 maluit
1214 1164 1366 1209 dicere
1398 1164 1603 1209 tetulit
1631 1179 1715 1221 pro
1748 1179 1802 1209 eo

124 1225 249 1281 quod
288 1227 360 1268 est
397 1223 529 1279 tulit,
570 1225 766 1281 figuram
803 1223 937 1278 fecit,
976 1223 1026 1267 id
1065 1226 1136 1267 est
1176 1224 1395 1268 schema.'
1460 1223 1698 1268 Consentii
1729 1238 1803 1268 ars

122 1285 239 1328 ibid.
273 1299 316 1340 p.
343 1288 429 1327 387
464 1283 720 1340 ‘prothesis
754 1285 825 1327 est
856 1283 1090 1339 syllabae:
1121 1282 1327 1327 tetulit
1352 1321 1359 1328 .
1383 1320 1390 1327 .
1412 1321 1419 1328 .
1444 1297 1650 1328 manus.
1685 1282 1808 1327 dixit

107 1343 247 1388 *enim
287 1342 494 1387 tetulit
522 1357 606 1399 pro
639 1357 693 1386 eo
726 1343 851 1398 quod
882 1345 954 1386 est
983 1341 1127 1387 tulit.’
1190 1342 1322 1386 Accii
1352 1342 1611 1386 Heraclidis
1643 1342 1803 1387 tribui.

240 1431 377 1476 senili
408 1432 560 1476 Paris.
596 1431 633 1475 O
660 1430 787 1474 sinili
818 1432 968 1476 Berol.
1002 1431 1189 1487 Pompei
1277 1432 1425 1475 Poeas
1457 1431 1805 1476 Lindemannus

119 1494 286 1548 poetas
327 1492 477 1535 Paris.
514 1491 552 1535 O
577 1491 730 1535 Berol.
769 1492 910 1547 poeta
948 1491 1122 1535 Parias.
1154 1490 1256 1534 BP
1290 1491 1435 1547 (infra
1471 1492 1634 1546 poetas
1667 1491 1802 1535 Parr.

119 1552 215 1595 BC
242 1550 414 1606 Berol.)
445 1550 642 1614 Pompei*
663 1549 811 1593 hostis
846 1550 1110 1594 Consentius

841 1660 1076 1707 XXXVII

118 1743 398 1797 Nocturno
440 1744 588 1796 aditu
628 1745 835 1796 occulta
873 1745 1122 1796 coluntur

197 1831 546 1885 Siluestribus
584 1832 832 1902 saepibus
871 1832 1044 1885 densa.

240 1932 406 1977 Cicero>
424 1933 481 1976 de
504 1935 600 1979 nat.
627 1933 750 1977 deor.
776 1933 798 1977 I
820 1939 893 1989 42,
922 1938 1004 1976 119
1032 1933 1217 1977 ‘omitto
1241 1931 1508 1976 Eleusinem
1527 1969 1534 1975 .
1556 1968 1564 1975 .
1586 1970 1592 1976 .
1614 1931 1802 1990 [XXVI]

122 1995 364 2049 praetereo
389 1991 761 2037 Samothraciam
784 2006 1076 2048 eaquequae
1099 1991 1293 2036 Lemni
1315 1994 1593 2035 nocturno
1608 1992 1619 2012 ’
1648 2005 1685 2036 e.
1704 2005 1746 2046 q.
1766 2005 1800 2035 s,

123 2051 310 2107 ‘quibus
336 2051 581 2108 explicatis
607 2052 667 2095 ad
689 2051 1012 2107 rationemque
1035 2050 1268 2095 reuocatis
1291 2064 1444 2094 rerum
1466 2049 1617 2106 magis
1634 2052 1803 2096 natura

123 2110 420 2167 cognoscitur
452 2125 599 2166 quam
639 2111 861 2154 deorum.'
926 2110 1058 2154 Accii
1088 2110 1379 2154 Philoctetae
1409 2111 1516 2165 post
1547 2124 1589 2152 v.
1616 2113 1701 2152 528
1732 2108 1802 2152 in-

123 2170 319 2213 serenda
350 2183 450 2213 esse
481 2169 700 2213 viderunt
730 2169 776 2214 C.
811 2169 946 2213 Beier
978 2172 1026 2213 et
1056 2169 1109 2213 G.
1142 2169 1447 2212 Hermannus.

832 2279 1093 2326 XXXVIII

117 2361 339 2415 'Adsum
387 2366 548 2431 atque
595 2363 820 2414 aduenio
859 2360 1181 2414 'Acherunte
1227 2361 1322 2412 u1'X
1366 2361 1455 2412 uia
1497 2361 1605 2412 alta
1643 2364 1802 2430 atque

1179 2449 1364 2518 ardua,
1596 2437 1598 2439 .

117 2539 221 2591 Per
258 2539 538 2608 speluncas
557 2538 722 2590 saxis
759 2540 988 2589 structas
1027 2537 1227 2606 asperis
1264 2536 1619 2604 pendentibus

119 2628 409 2695 Maxumis‚
447 2626 543 2678 ubi
582 2625 756 2696 rigida
795 2628 1002 2677 constat
1042 2626 1218 2677 crassa
1256 2625 1428 2695 caligo
1468 2623 1713 2678 inferum.
1808 2627 1872 2681 75'

237 2728 484 2771 XXXVIII.
517 2725 708 2769 XXXIX
748 2725 906 2769 Cicero
946 2725 1080 2768 Tusc.
1121 2724 1238 2781 disp.
1270 2725 1292 2767 I
1317 2729 1393 2780 16,
1419 2729 1472 2768 37
1521 2724 1595 2768 ‘in
1633 2728 1805 2770 terram

122 2786 245 2830 enim
276 2786 552 2830 cadentibus
585 2784 854 2841 corporibus
887 2783 1046 2839 eisque
1078 2784 1218 2827 humo
1250 2783 1409 2838 tectiS‚
1447 2797 1471 2827 e
1502 2798 1594 2839 quo
1627 2784 1804 2829 dictum

122 2847 194 2888 est
236 2844 480 2898 humari,
529 2844 613 2887 sub
657 2847 781 2887 terra
820 2844 1075 2886 censebant
1112 2842 1340 2898 reliquam
1380 2841 1528 2885 uitam
1569 2842 1646 2900 agi
1683 2857 1803 2887 mor-

119 2906 317 2948 tuorum.
363 2918 504 2959 quam
536 2917 694 2947 eorum
726 2902 992 2958 opinionem
1021 2901 1180 2958 magni
1213 2915 1386 2945 errores
1419 2901 1655 2946 consecuti
1680 2905 1801 2959 sunt,
