2020 3140
202 132 311 184 310
488 132 570 175 EX
599 131 875 176 INCERTIS
906 131 1306 179 INGERTORVM
1335 135 1589 181 FABVLIS

201 264 442 321 dictionis,
490 267 563 309 ut:
618 266 783 321 pater
827 264 1081 320 inquam’
1131 280 1168 311 e.
1203 282 1246 323 q.
1280 283 1314 313 s.
1384 269 1630 313 Phoenicis
1677 269 1880 347 Enniani

199 324 435 380 querellae
465 325 663 381 possunt
693 337 806 368 esse.

318 411 539 469 hospites,
571 413 708 469 pater
737 426 811 456 me
840 414 1004 470 scripsi
1033 413 1232 471 hospitis
1263 428 1337 459 me
1370 415 1586 461 Sacerdos
1615 432 1689 463 me
1722 420 1881 465 Chari-

197 473 295 516 sius
333 477 375 515 et
404 472 644 516 Diomedes
761 474 898 528 pater
933 474 1085 517 eaeitus
1120 488 1276 519 versus
1311 490 1423 519 ‘num
1460 477 1512 520 in
1545 476 1746 523 Charisii
1783 481 1877 524 eod.

198 532 398 575 extiterit
427 532 671 576 incertum.-
701 546 826 576 nwne
855 546 950 576 non
980 539 1174 589 apparet

938 701 1147 750 CXVIII

109 796 196 836 215
215 782 319 836 Sed
355 784 464 837 iam
502 802 558 837 se
596 784 742 838 oaelo
781 785 970 838 cedens
1007 785 1219 840 Aurora
1258 788 1492 842 6bstinet

213 870 381 925 Suum
417 876 638 949 patrem.

314 972 481 1017 Festus
512 989 557 1031 p.
584 979 668 1019 197
697 975 759 1020 M.
811 975 1095 1020 ‘obstinet
1126 976 1349 1021 dicebant
1379 980 1737 1061 antiqu1,quqd
1757 995 1881 1025 nunc

196 1034 270 1076 est
293 1032 512 1090 ostendit,
538 1033 627 1078 ut
613 1049 671 1078 ιιι
702 1035 999 1079 ueteribus
1031 1036 1407 1083 carminibus:
1441 1038 1538 1082 sed
1569 1038 1703 1083 iam’
1725 1053 1762 1085 e.
1781 1055 1823 1096 q.
1844 1041 1878 1086 s.

318 1127 341 1165 1
358 1136 420 1179 sq
452 1125 736 1168 octonarium
766 1125 900 1169 iamb.
933 1127 1115 1182 explent

967 1294 1120 1343 CXIX

197 1375 381 1446 Liber,
420 1377 513 1446 qui
551 1381 779 1448 augusta
815 1378 946 1431 haec
983 1379 1101 1431 loca
1142 1377 1478 1432 Cithaeronls
1516 1381 1647 1433 colis

313 1477 540 1534 Apuleius
578 1477 751 1523 Florid.
784 1478 936 1522 XVIII
977 1480 1055 1523 ‘ut
1092 1478 1174 1524 ille
1214 1480 1445 1537 tragicus,
1484 1480 1565 1536 qui
1603 1481 1654 1525 in
1692 1483 1879 1528 theatro

197 1535 292 1580 diei
320 1537 458 1582 facit:
490 1537 684 1581 Liber'
719 1551 756 1582 e.
790 1553 832 1593 q.
868 1553 901 1582 s.
965 1538 1033 1582 De
1064 1538 1259 1583 Pacuvii
1290 1539 1497 1597 Antiopa
1527 1541 1746 1598 cogitavi.

316 1627 518 1682 angusta
549 1626 694 1671 Laui·

974 1707 1102 1756 CXX

269 1790 464 1860 Rapite
503 1792 646 1863 agite
684 1793 824 1845 ruite
863 1793 1205 1862 celeripedes!

313 1900 382 1944 De
420 1902 552 1945 metr.
593 1899 720 1946 CGL.
753 1900 819 1945 VI
849 1905 935 1944 615
966 1901 1021 1946 K.
1088 1901 1395 1958 ‘pyrrichius·
1441 1902 1656 1959 rapite’
1694 1917 1730 1947 e.
1764 1918 1806 1959 q.
1842 1918 1878 1950 s.

196 1958 271 2016 (cf.
312 1958 425 2004 Atil.
465 1959 655 2004 Fortun.
689 1959 815 2004 CGL.
840 1960 906 2004 VI
930 1965 1015 2005 286
1047 1960 1121 2017 K.)
1193 1960 1260 2006 Of
1306 1961 1501 2005 Pacuvii
1546 1961 1635 2006 ino.
1674 1962 1768 2006 fab.
1802 1963 1878 2007 IV.

196 2018 355 2064 coroll.
387 2018 567 2063 LXVII.

197 2212 344 2266 Iouis
382 2217 648 2266 sacratum
686 2214 769 2266 i1is
807 2214 1090 2266 iurandum
1129 2215 1369 2285 sagmine

315 2323 481 2366 Festus
511 2338 556 2379 p.
583 2327 667 2366 321
693 2323 755 2367 M.
821 2322 1103 2380 ‘sagmina
1149 2324 1379 2366 uocantur
1417 2323 1672 2378 uerbenae,
1721 2323 1770 2366 id
1809 2325 1881 2366 est

197 2381 371 2426 herbae
415 2395 581 2438 purae,
629 2381 742 2437 quia
788 2395 843 2425 ex
885 2381 987 2426 loco
1035 2384 1198 2425 sancto
1245 2381 1525 2426 arcebantur
1554 2409 1613 2414 —
1643 2408 1702 2414 —
1732 2381 1808 2426 uel
1851 2396 1879 2424 a

200 2441 472 2497 sanciendo,
518 2440 569 2483 id
615 2443 688 2484 est
734 2441 1062 2485 confirmando.
1125 2440 1399 2486 Naeuius·
1453 2440 1541 2484 ius
1591 2443 1879 2484 sacratum

198 2499 352 2544 Iouis
390 2478 692 2543 iurandum
734 2499 1021 2557 sagmine.’
1085 2499 1258 2543 Paulus
1289 2515 1333 2557 p.
1360 2500 1531 2543 320M.
1596 2498 1879 2556 ‘sagmina

199 2557 422 2603 dicebant
453 2558 622 2602 herbas
654 2558 903 2615 uerbenas,
945 2557 1056 2614 quia
1087 2572 1145 2602 ex
1175 2558 1278 2602 loco
1311 2561 1472 2602 sancto
1498 2554 1817 2602 arcebantur.

199 2617 277 2661 uel
316 2632 343 2661 a
382 2617 655 2672 sanciendo,
695 2617 745 2660 id
776 2620 848 2661 est
878 2617 1204 2662 confirmando.
1268 2616 1495 2661 Naeuius:
1541 2630 1705 2672 scopas
1738 2594 1878 2670 atque

199 2677 427 2720 uerbenas
466 2676 680 2733 sagmina
717 2677 1045 2733 sumpserunt?
1108 2676 1242 2720 Vnde
1273 2675 1422 2720 nostri
1452 2689 1610 2719 versus
1643 2676 1879 2718 auctorem

199 2734 426 2779 incertum
472 2735 572 2779 fieri
611 2735 847 2779 intellexit
890 2735 940 2780 O.
972 2734 1246 2791 Muellerus,
1291 2735 1418 2778 idem
1456 2732 1627 2777 senarii
1664 2747 1878 2776 numeros

200 2793 420 2838 restituit.

317 2881 442 2925 Iouis
485 2884 721 2925 sacratum
757 2882 830 2924 ius
868 2875 1118 2925 iurandum
1161 2881 1211 2926 0.
1244 2881 1497 2925 Muellerus
1533 2878 1606 2922 ius
1646 2883 1880 2924 sacratum

199 2939 324 2983 Iouis
355 2940 604 2983 iurandum
633 2942 727 2985 cod.
