2010 3146
181 88 214 141 8
820 85 910 131 CN.
942 85 1210 131 NAEvrvs

988 225 1040 272 Π

184 310 498 380 Contempla
533 309 738 379 placide
777 309 1005 362 formam
1044 312 1098 362 et
1134 309 1324 362 faciem
1362 309 1604 382 uirginis,

299 403 418 448 Non.
445 408 544 459 470,
571 408 594 446 1
633 402 1078 459 ‘contempla

300 483 562 540 contemplo
597 501 631 528 ω

983 550 1060 597 ΠΙ

181 635 416 690 'Excidit
454 634 711 687 orationis
751 633 924 686 6mnis
963 634 1297 687 confidentia.

298 737 418 782 Non.
445 741 543 792 262,
570 740 625 780 25
661 734 1071 791 ‘confidentia‚
1106 734 1429 780 constantia..
1451 737 1481 780 .’

985 860 1058 907 IV

125 960 152 999 5
183 945 320 1000 Eam
358 949 499 998 minc
538 962 649 997 esse
688 944 964 996 inuentam
1001 943 1215 1013 probris
1253 946 1554 1014 compoizem
1593 946 1708 999 scis

300 1046 419 1091 Non.
445 1050 545 1102 456,
573 1051 629 1090 25
665 1046 1005 1102 ‘compotem
1035 1044 1086 1088 in
1115 1045 1289 1089 bonam
1318 1047 1501 1102 partem
1533 1045 1684 1090 solum
1712 1046 1862 1105 accipi

182 1108 391 1164 putatur,
423 1119 528 1149 cum
559 1107 607 1149 eb
635 1104 686 1148 in
716 1104 844 1148 mala
873 1104 1082 1161 positum
1112 1103 1200 1149 sit

301 1193 482 1251 propris
514 1195 597 1252 (vel
625 1193 910 1251 propriis)02
1001 1193 1229 1237 Baccheos
1260 1195 1446 1251 aynovit
1475 1194 1600 1250 Bue3
1632 1197 1863 1240 senarium

186 1267 290 1297 eam
321 1255 582 1310 compotem
615 1252 703 1296 scis
734 1266 857 1296 nunc
883 1265 983 1297 esse
1005 1252 1249 1296 inuentam
1270 1267 1314 1309 p.
1342 1254 1580 1298 edideram.
1615 1266 1719 1320 ean}
1741 1268 1863 1298 nunc

183 1312 365 1369 probris
399 1312 488 1356 scis
521 1325 621 1356 esse
652 1311 895 1356 inuentam
926 1313 1188 1368 compotem
1217 1326 1250 1356 x
1281 1312 1386 1355 eam
1414 1326 1537 1356 nunc
1570 1325 1669 1357 esse
1700 1312 1864 1358 inuen-

184 1374 285 1415 tam
322 1370 521 1428 propriis
561 1373 823 1428 compotem
861 1370 950 1415 scis
993 1369 1239 1430 <noxsiis>
1279 1371 1451 1416 Vahlen
1485 1371 1639 1417 Herm.
1676 1377 1751 1429 12,
1780 1377 1863 1416 193

1007 1496 1053 1541 V

188 1622 199 1632 .
226 1623 236 1632 .
270 1580 386 1632 auri
423 1580 589 1633 rlibeo
628 1580 778 1633 fonte
817 1580 995 1633 lauere
1035 1580 1189 1650 (me)
1226 1579 1453 1632 memini
1485 1598 1717 1633 manum.

304 1681 423 1726 Non.
450 1686 548 1738 504,
576 1687 599 1725 1
627 1681 805 1725 ‘lauit
827 1695 911 1738 pro
935 1681 1069 1725 lauat
1094 1717 1103 1726 .
1123 1718 1131 1726 .
1152 1717 1160 1725 .
1181 1717 1191 1725 .
1216 1680 1374 1725 lauere
1397 1680 1507 1724 inde
1529 1683 1733 1726 tractum
1757 1681 1862 1725 est?

308 1769 409 1813 auri
439 1770 602 1814 Delrio
641 1769 787 1814 animi
819 1788 853 1814 ω
893 1769 1042 1813 amnis
1081 1771 1188 1814 olim
1218 1772 1333 1815 coni.
1375 1769 1499 1814 enim
1528 1771 1633 1815 Bue
1721 1769 1865 1814 rubeo

189 1829 326 1932 πέρυτι,
375 1830 453 1885 qui
496 1828 634 1873 niueo
682 1830 788 1874 olim
830 1828 968 1873 iubeo
1009 1847 1043 1873 ω
1089 1828 1220 1873 fuluo
1264 1830 1453 1875 Grotius
1491 1828 1601 1873 uiuo
1641 1843 1675 1873 x
1791 1842 1865 1872 me

233 1901 284 1932 ro
305 1901 391 1943 ms,
422 1902 503 1933 om.
537 1906 572 1932 ω

188 2036 450 2090 Desiibito
489 2037 687 2090 famam
726 2037 950 2108 tollunss,
989 2038 1033 2090 si
1073 2056 1233 2108 quam
1265 2038 1433 2091 solam
1464 2038 1645 2090 uidere
1675 2036 1733 2089 sn
1763 2037 1865 2088 uia.

308 2139 426 2184 Non.
452 2144 559 2196 306,
588 2144 611 2182 7
647 2138 822 2183 ‘fama
854 2141 926 2183 est
955 2153 1113 2183 rursus
1145 2138 1341 2183 infamia
1369 2175 1406 2185 ..
1427 2175 1436 2185 .
1462 2137 1690 2183 Naeuius:
1733 2138 1867 2181 desu-

190 2196 311 2241 bito’
346 2211 382 2242 e.
416 2213 458 2253 q.
493 2213 527 2242 s.
588 2198 717 2242 Idem
749 2202 848 2255 518,
875 2203 899 2242 1
937 2197 1231 2242 ‘desubito
1257 2200 1346 2243 ...²

309 2277 521 2322 uidemus
556 2296 590 2322 ω
616 2294 665 2335 p.
692 2283 778 2324 306

970 2345 1068 2392 VH

195 2424 335 2488 Quin
343 2469 358 2496 ,
403 2430 464 2479 ut
511 2428 734 2497 quisque
781 2432 861 2481 est
906 2429 1151 2498 meritUS,
1197 2446 1446 2497 praesens
1491 2428 1723 2497 pretium
1770 2445 1867 2496 pro

1340 2516 1496 2568 factis
1533 2516 1682 2568 ferat.

313 2599 431 2643 Non.
466 2604 565 2656 366,
592 2605 619 2643 4
654 2601 929 2656 ‘pret-ium
958 2615 1042 2658 pro
1073 2601 1280 2658 praemio
1307 2603 1395 2647 ...⁹

971 2711 1094 2759 VIII

236 2833 282 2843 ..
315 2792 530 2862 indigne
570 2794 755 2864 exigor
791 2795 966 2862 patria
1003 2794 1270 2847 innocens,

314 2883 435 2927 Non.
461 2889 559 2941 291,
586 2890 612 2929 5
647 2886 902 2943 ‘exigere
935 2890 1006 2931 est
1037 2870 1306 2931 excluderet
1327 2922 1334 2930 .
1357 2886 1386 2931 .’
