2010 3146
793 79 843 134 Q.
876 80 1102 125 ENNIVS
1720 82 1788 133 31

115 297 234 368 <A>
271 297 405 350 fssiis
442 299 662 367 propier
698 300 752 350 te
791 221 1001 350 obieffi
1038 315 1156 350 sum
1194 296 1448 350 innocens

115 386 294 441 Nerei.

232 472 497 517 Priscianus
524 488 569 529 p.
597 477 679 516 733
702 472 751 515 P.
789 470 1000 515 ‘filiabus
1027 508 1035 516 .
1057 508 1064 516 .
1086 509 1093 515 .
1121 473 1169 516 et
1191 471 1342 515 filiis
1373 474 1533 516 tamen
1554 471 1606 515 in
1629 471 1792 516 eodem

115 546 284 590 genere
316 531 493 576 dictum
525 533 608 576 est.
669 530 846 574 Ennius
878 530 929 574 in
958 530 1256 575 Andromeda
1282 568 1290 575 .
1312 567 1349 576 ..
1378 531 1446 590 [id
1478 533 1550 575 est
1579 530 1791 575 Nereidi-

115 592 265 650 buS.]’
302 591 357 636 cf.
390 606 506 635 mus.
539 591 683 634 Rhen.
718 594 788 646 29,
815 595 913 634 219.

236 687 264 717 a
293 673 410 729 Rue,
444 673 523 730 qui
552 673 723 718 iambos
752 672 951 716 restituit
958 689 976 726 ;
1007 685 1088 716 om.
1123 689 1157 715 ω

916 780 990 828 IV

117 858 350 928 Scrupeo
381 858 635 911 inueststa
658 876 808 928 sam,
841 860 1000 926 atque
1025 858 1214 911 ostreis
1242 859 1493 927 squamae
1517 858 1774 911 scabrenss.
1794 872 1879 912 100

233 952 351 996 Non
387 955 484 1032 169,
510 957 564 995 21
602 952 759 1008 ‘scap
771 964 858 995 res
888 965 972 1007 pro
998 951 1195 995 scabres.
1203 952 1215 973 ’
1249 952 1433 1009 (scabra
1455 965 1527 996 res
1538 954 1575 1008 ‘?)
1624 951 1791 995 Festus

115 1027 160 1068 p.
186 1016 271 1055 333
295 1011 355 1054 M.
397 1010 614 1067 ‘scrupi
639 1010 857 1054 dicuntur
880 1024 1047 1067 aspera
1071 1025 1184 1054 saxa
1209 1012 1257 1054 et
1280 1010 1492 1055 difficilia
1516 1011 1788 1055 asstrectatu’

117 1070 202 1128 (sic
232 1070 466 1127 Paulus)‘
472 1105 806 1115 ............
830 1069 1008 1113 Ennius
1038 1069 1088 1112 in
1112 1070 1430 1128 An[dromeda
1457 1105 1789 1116 ............

114 1129 228 1173 tita
260 1143 395 1174 saxa
426 1132 595 1185 atque
628 1129 727 1172 hos
754 1164 1329 1174 ....................

235 1223 422 1267 screpeo
448 1210 545 1255 FL
612 1209 838 1254 inuestita
861 1224 918 1255 se.
944 1216 1070 1268 terya
1147 1224 1260 1254 saxa
1282 1212 1377 1256 cod.
1403 1211 1532 1256 Festi
1606 1209 1790 1269 ostreis]

117 1269 202 1313 hos
234 1296 289 1302 —-
322 1271 416 1315 cod.
451 1269 580 1315 Festi
670 1282 890 1325 squamae
931 1272 1146 1326 scaprent
1184 1271 1418 1315 Mercerus
1455 1284 1597 1326 quam
1635 1283 1792 1313 exora-

115 1328 253 1372 brent
283 1346 317 1373 ω

929 1394 976 1440 V

118 1470 323 1541 corpus
362 1471 775 1540 contemplatur,
813 1471 954 1524 unde
993 1473 1299 1541 corporareb
1336 1472 1570 1524 uulnere.

232 1565 351 1609 Non.
387 1569 464 1620 20,
491 1569 546 1608 23
589 1565 916 1621 ‘corporare
956 1567 1028 1609 est
1065 1564 1322 1610 interficere
1363 1567 1411 1609 et
1449 1564 1584 1621 quasi
1627 1578 1791 1621 corpus

25 1665 27 1667 .
116 1623 267 1668 solum
299 1623 398 1667 sine
430 1623 587 1667 anima
616 1623 909 1679 relinquere.’

232 1707 494 1761 'corporaret
524 1705 750 1763 Berykius

918 1770 990 1819 VI

119 1889 128 1899 .
156 1890 166 1899 .
193 1890 202 1898 .
236 1847 436 1900 circum
474 1866 586 1900 sese
624 1851 784 1900 uruat
821 1847 888 1900 ad
924 1848 1083 1917 pedes
1091 1892 1105 1919 ,
1144 1851 1286 1901 terra
1325 1847 1520 1901 occulit

118 1933 303 2005 Gapuiz.

233 2029 398 2073 Festus
429 2045 472 2086 p.
500 2032 585 2074 375
610 2029 670 2075 M.
707 2030 900 2074 ‘uruat
929 2029 1106 2074 Ennius
1137 2029 1187 2073 in
1214 2030 1524 2074 Andromeda.
1557 2029 1792 2087 significat

118 2088 359 2132 circundat
393 2115 446 2121 —
477 2116 536 2121 —
567 2088 637 2133 ait
668 2091 841 2133 autem:
878 2089 1067 2133 circum’
1103 2103 1140 2133 e.
1166 2104 1209 2145 q.
1236 2104 1269 2133 S.

235 2175 258 2213 1
294 2184 322 2214 a
353 2172 477 2213 terra
509 2171 602 2214 cod.
696 2170 868 2214 occulit
906 2171 1088 2224 Vossius
1120 2169 1485 2227 quadringentos
1517 2171 1610 2215 eod.
1643 2175 1792 2215 ortum

117 2242 172 2273 ex
201 2230 316 2274 male
346 2230 582 2275 intellectis
613 2243 693 2272 occ
725 2231 897 2275 litteris.
1008 2230 1061 2274 de
1090 2230 1291 2274 numeris
1320 2231 1378 2285 ef.
1411 2244 1498 2275 cor.
1531 2243 1636 2275 com.
1671 2228 1791 2274 CVII

194 2457 204 2467 .
230 2458 239 2467 .
272 2419 455 2468 rursus
492 2434 709 2486 prorsus
746 2416 1042 2485 reciprocat
1078 2416 1272 2468 fluctus
1310 2415 1436 2468 fera.

232 2508 350 2553 Non.
381 2514 484 2566 165,
512 2514 564 2552 11
604 2509 867 2566 ‘reciproca,-
898 2508 1069 2565 recipe’
1105 2508 1190 2566 (sic
1212 2507 1340 2553 Harl.
1365 2508 1416 2552 in
1438 2509 1549 2566 mg.)
1584 2508 1613 2552 ‘.
1633 2544 1642 2552 .
1664 2543 1671 2552 .
1697 2507 1788 2551 En-

115 2566 221 2610 m'us
255 2568 553 2612 Andromeda
579 2569 665 2613 ...⁹
729 2568 858 2612 Idem
889 2572 995 2624 385,
1024 2573 1046 2611 1
1091 2569 1331 2624 ‘rursus‚
1370 2569 1493 2611 retro
1612 2566 1789 2610 Ennius

116 2626 413 2671 Andromeda
439 2664 447 2672 .
468 2663 476 2672 .
497 2628 525 2671 .’

233 2722 389 2751 rursus
428 2718 465 2765 ψ
519 2689 676 2752 russus
718 2708 826 2752 ΕΗ
872 2707 1018 2751 riscus
1058 2708 1122 2752 W
1146 2723 1194 2764 p.
1230 2712 1313 2752 165
1360 2721 1493 2751 rusus
1534 2706 1798 2750 Palmarius'

203 2780 366 2822 porsus
406 2768 471 2811 W
488 2782 537 2824 p.
571 2772 655 2811 385
693 2781 857 2824 prosus
890 2768 1147 2811 Palmerius
1250 2781 1405 2810 rursus
1437 2779 1706 2822 prouorsus,
1738 2770 1791 2809 ut
1854 2792 1856 2795 v

116 2827 322 2924 {enarius
352 2826 487 2882 fieret,
521 2829 792 2872 coniecerant
888 2825 987 2870 fera
1020 2827 1245 2884 Berykius
1277 2827 1349 2882 (ef.
1381 2827 1479 2870 hist.
1513 2830 1568 2869 tr.
1602 2825 1660 2868 R.
1688 2826 1789 2880 169)

137 2896 263 2927 eram
294 2901 329 2928 ω
