2020 3140
196 78 304 130 322
903 78 1168 123 NAEVIVS

196 210 252 255 cf
292 210 355 255 ib.
383 215 451 255 28.
515 212 700 267 (casca
736 210 1028 254 Hermannus
1069 224 1200 254 asca
1229 210 1381 254 Haun.
1422 213 1548 256 asta
1577 211 1697 257 Flor.
1731 213 1870 258 Goth.

195 270 362 313 hasta
385 270 487 313 Par.
513 283 542 312 a
566 270 614 312 et
636 269 667 312 b
701 268 843 313 Osca
866 269 1085 326 Scaliger.
1120 271 1281 313 casta
1311 269 1612 327 participium
1637 285 1665 315 a
1687 272 1871 317 Naeuio

195 330 468 384 usurpatum
497 326 640 371 fuisse
671 329 809 384 putat
838 328 1164 386 Buechelerus>

1008 439 1060 486 II

267 524 491 574 sponsus

310 606 457 650 Varro
491 607 548 651 de
579 607 784 651 1.1.V]]
809 612 893 652 107
917 609 978 651 Μ.
1016 607 1182 651 ‘multa
1212 609 1339 665 apud
1369 610 1533 665 poetas
1563 608 1745 664 reliqua
1769 623 1870 654 esse

191 665 358 721 uerba,
405 680 600 721 quorum
647 666 863 734 origines
894 666 1077 723 possint
1118 666 1233 723 dici,
1279 681 1375 711 non
1421 667 1604 734 dubito,
1652 670 1707 712 ut
1743 670 1869 725 apud

191 723 425 767 Naeuium
466 724 516 768 in
546 725 785 770 Aesiona.
816 725 900 770 ,in
931 725 1192 770 Clastidio.
1221 725 1306 771 ,111
1336 726 1491 771 Dolo.
1519 726 1601 770 .in
1632 727 1869 772 Demetrio

223 782 308 827 .in
337 783 719 841 Lampadione..
771 784 855 829 ,111
884 784 1105 830 Romulo:
1147 800 1207 842 sp
1218 799 1407 842 onsus‚
1447 763 1610 830 contra
1649 800 1870 843 sponsum

191 819 416 899 rogatus.’
466 821 860 901 (0011οΡ01008,
900 846 1100 887 contra
1132 858 1371 901 sponsus
1402 844 1713 889 Neukirchius
1747 845 1868 890 conl.

190 901 321 946 Varr.
356 901 413 945 de
444 901 473 946 1.
506 902 536 947 l.
570 903 634 946 VI
668 907 743 948 70:
793 917 1030 959 sponsus
1077 905 1268 947 tuentur
1304 904 1595 948 Hermannus
1637 906 1685 948 et
1721 905 1869 948 Lach—

190 974 399 1005 mannus.
464 960 529 1005 Cf.
562 961 714 1005 Naevi
746 976 859 1006 com.
892 961 981 1006 inc.
1014 962 1109 1007 fab.
1141 962 1307 1020 XXVI)

922 1087 1135 1135 LVPVS

1010 1190 1036 1237 I

186 1272 302 1326 Rex
340 1273 536 1327 Veiens
573 1276 754 1345 regem
793 1274 991 1326 salutat
1028 1273 1171 1327 Vsbe
1213 1264 1479 1327 Albanum
1517 1273 1797 1328 Amulium

189 1360 424 1415 Comiter
468 1365 647 1415 senem
692 1363 999 1432 sapientem.
1078 1364 1263 1415 contra
1299 1362 1600 1416 redhostis?
1641 1395 1709 1401 ——
1749 1364 1867 1416 Msn

1245 1451 1387 1504 salus
1397 1451 1424 1504 ?

301 1543 467 1588 Festus
497 1559 542 1600 p.
570 1549 655 1588 270
680 1544 740 1588 M.
779 1544 1152 1601 ‘redhostire‚
1184 1544 1355 1589 referre
1386 1544 1602 1601 gratiam.
1649 1545 1868 1589 Nauius

184 1602 233 1646 in
264 1603 439 1660 Lupo:
479 1603 557 1647 uel
587 1602 783 1647 Veiens’
819 1617 857 1647 0,
890 1619 934 1659 q.
967 1619 1001 1648 s.
1065 1604 1332 1660 (Naeuius
1369 1603 1427 1647 in
1457 1604 1611 1647 Ludo
1644 1603 1866 1661 Scaliger.

184 1661 402 1707 Nouius
434 1662 493 1705 in
514 1662 667 1719 Lupo
692 1662 1016 1720 Augustinus.)
1054 1663 1123 1706 De
1147 1665 1312 1720 togata
1337 1662 1566 1720 cogitavit
1589 1662 1869 1708 Grauertus:

183 1723 477 1778 praetextam
509 1735 610 1765 esse
640 1735 727 1765 nec
759 1721 993 1766 diversam
1023 1736 1052 1765 a
1081 1721 1279 1766 Romulo
1312 1721 1424 1765 olim
1455 1721 1716 1779 suspicatus
1749 1737 1864 1766 sum.

183 1780 555 1838 Paratragoedat
584 1780 780 1825 Plautus
812 1780 944 1825 Truc.
972 1785 1071 1825 515.

304 1874 326 1911 1
366 1882 448 1912 rex
481 1868 652 1913 Veiens
690 1871 854 1926 scripsi
890 1869 968 1914 uel
1006 1869 1165 1913 ueiens
1205 1871 1300 1915 cod.
1340 1869 1422 1913 ubi
1452 1869 1623 1914 Veiens
1663 1869 1867 1927 Scaliger

182 1927 394 1971 Veientis
435 1929 654 1972 Vsenerns
787 1928 965 1972 salutat
1003 1929 1156 1987 Scaliy
1157 1944 1204 1973 er
1242 1930 1319 1986 (cf.
1360 1929 1524 1973 Plauti
1561 1930 1725 1985 Amph
1759 1931 1864 1984 676)

184 1986 360 2030 saltant
390 1988 484 2032 cod.
518 1986 698 2031 saluere
731 1988 923 2032 Vrsinus
1022 1944 1156 2032 Vibe
1175 1988 1242 2032 vel
1271 1987 1395 2031 Viba
1426 1988 1529 2032 Bne
1559 1989 1629 2044 (de
1660 1988 1864 2032 Etrusca

180 2047 378 2090 nominis
407 2047 557 2101 forma
587 2048 645 2101 cf.
682 2046 729 2091 O.
761 2047 979 2092 Muelleri
1008 2048 1191 2092 Etrusc.
1223 2047 1288 2090 II
1303 2049 1408 2102 424)
1446 2045 1556 2105 uibe
1588 2048 1680 2090 cod.
1721 2045 1862 2089 iubeo

181 2105 382 2162 Scaliyer
418 2103 551 2148 iubet
590 2106 794 2149 Vrsinus.
857 2106 968 2150 Non
1005 2107 1198 2150 ‘multum
1236 2107 1355 2150 absit
1392 2061 1556 2149 Tebris
1586 2119 1769 2156 nomen.
1801 2106 1859 2159 cf

190 2165 335 2208 Varro
365 2165 419 2209 de
451 2165 479 2209 l.
512 2165 539 2207 l.
574 2165 618 2208 V
636 2169 692 2207 30
716 2164 786 2208 M.
907 2165 1146 2208 Amulium
1180 2164 1381 2230 Scaliyer
1417 2163 1613 2206 mulium
1645 2164 1740 2209 cod.

182 2227 207 2265 2
249 2221 443 2266 comiter
482 2222 684 2291 Scaliyer
730 2222 899 2267 comite
940 2225 1034 2268 cod.
1162 2222 1395 2267 redhostit
1437 2223 1641 2280 Scaliyer
1763 2221 1862 2264 min

182 2281 339 2327 salus?
365 2283 528 2338 scripsi
549 2281 760 2326 menalus
784 2284 879 2327 cod
904 2282 1116 2326 Menalus
1141 2282 1342 2340 Scaliger
1428 2282 1663 2339 Inteyrum
1685 2295 1861 2325 versum

182 2339 375 2384 comiter
421 2355 455 2385 s.
497 2340 756 2397 sapientem
794 2343 956 2385 contra
995 2340 1227 2386 redhostit
1263 2342 1367 2384 mea
1407 2340 1533 2384 salus
1571 2340 1862 2396 respondenti

182 2401 262 2444 dat
292 2400 395 2444 Bne

995 2467 1047 2513 H

184 2546 323 2600 Cedo
365 2547 464 2617 qus
497 2566 610 2600 rem
647 2552 882 2602 uestram
919 2549 1190 2618 publicam
1229 2553 1434 2602 tantam
1465 2548 1715 2601 amisistis
1746 2546 1855 2597 tam

1236 2638 1382 2690 cito?
1415 2669 1483 2675 —-—

179 2721 572 2791 Proueniebant
612 2726 848 2778 oratores
885 2725 1068 2795 noues,
1107 2725 1259 2777 stulti
1298 2722 1690 2777 adulescentuli.

298 2815 454 2861 Cicero
495 2817 593 2861 Cat.
624 2817 733 2862 mai
761 2823 807 2874 7,
834 2824 889 2862 20
933 2819 1083 2874 ‘quod
1125 2818 1164 2861 si
1194 2818 1348 2874 legere
1380 2818 1462 2859 aut
1492 2814 1651 2858 audire
1682 2814 1851 2859 uoletis

181 2875 391 2932 externa,
421 2875 647 2920 maximas
678 2890 750 2920 res
780 2877 992 2933 publicas
1026 2877 1086 2921 ab
1118 2873 1493 2920 adulescentibus
1524 2872 1849 2930 labefactatas,

2015 893 2020 944 }

2014 953 2020 1066 i

2012 1067 2020 1332 ἒ

2015 1355 2020 1409 ς

2011 2569 2020 2650 ἐ
