1980 3146
139 87 207 140 72
824 86 877 141 Q.
909 84 1135 131 ENNIVS

135 233 295 265 mone
324 246 381 253 —
411 219 526 264 item
558 218 673 264 alio
704 219 853 265 loco:
898 218 1132 263 Hector'
1167 230 1205 262 e.
1239 232 1282 273 q.
1316 233 1351 263 s,
1412 218 1626 263 Hectoris
1657 219 1816 264 Lutris

138 278 306 334 tribui;
336 278 450 323 item
480 278 534 323 fr.
559 278 637 323 VI.
667 278 765 324 Vll.

254 366 355 426 qui]
385 381 448 412 απ
478 373 599 422 que?

937 431 1011 480 VI

142 515 326 570 Creissa
363 514 543 585 puluis
581 516 774 587 oritur,
814 534 1026 569 omnem
1062 515 1308 585 peruolat
1346 515 1483 568 caeli
1514 515 1727 568 fretum.

255 616 374 662 Non.
409 620 509 674 205,
534 621 591 661 28
625 616 864 661 ‘fretum
888 653 897 663 .
917 653 926 662 .
947 652 957 661 .
981 616 1230 661 masculini
1255 653 1265 663 .
1286 653 1296 662 .
1315 617 1345 661 .'

927 741 1026 790 VH

140 868 329 879 .....
368 825 431 878 u1'
462 826 827 895 patefecerunt
862 826 1085 897 Bruges,

259 925 416 971 Cicero
456 929 572 972 orat.
604 931 684 984 48,
711 932 796 972 160
839 927 1066 971 ‘Burrum
1106 940 1286 994 semper
1321 925 1522 982 Ennius,
1565 938 1820 980 numquam

139 985 388 1042 Pyrrhum3
435 985 492 1029 ui
530 1001 575 1043 p.
607 986 683 1043 B.,
731 1000 826 1030 non
864 986 1022 1044 Phryg
1024 999 1093 1031 es·
1121 985 1324 1067 ‘ipsius
1364 984 1591 1052 antiqui
1630 983 1821 1028 decla-

140 1047 270 1088 rant
306 1044 478 1090 libri.’
543 1023 860 1098 Quintilianus
891 1045 914 1089 I
943 1052 992 1102 4,
1019 1050 1075 1089 15
1121 1045 1230 1089 sed
1259 1045 1298 1089 B
1345 1057 1528 1101 quoque
1573 1043 1624 1087 in
1665 1043 1820 1087 locum

143 1102 350 1206 {liprum’
395 1103 608 1148 dedimus
662 1104 939 1161 aliquando,
1001 1104 1125 1149 unde
1178 1104 1351 1148 Burrus
1406 1106 1454 1148 et
1505 1103 1718 1160 Bruges
1773 1103 1823 1145 et

184 1176 209 1207 e
230 1176 329 1208 ena.
914 1230 1039 1278 VIII

1113 1299 1303 1352 hehae!
1336 1330 1405 1336 —

143 1371 280 1442 'Ipse
319 1372 520 1442 clipeus
559 1373 763 1426 cecidit.

261 1473 410 1518 Varro
450 1474 507 1518 de
537 1474 568 1519 1.
601 1473 631 1519 l.
663 1474 750 1518 VH
782 1479 837 1518 93
868 1474 930 1518 M.
995 1475 1162 1518 ‘euax
1199 1474 1395 1518 uerbum
1423 1472 1543 1516 nihil
1575 1472 1823 1530 significat,

146 1532 224 1576 sed
257 1531 499 1577 effutitum
521 1532 801 1578 naturaliter
831 1535 915 1590 est,
946 1535 1001 1577 ut
1031 1533 1157 1590 apud
1187 1532 1390 1577 Ennium
1415 1569 1424 1578 .
1445 1569 1453 1577 .
1474 1533 1502 1578 .’
1551 1531 1824 1589 Anonymus

146 1591 203 1634 de
242 1590 398 1636 dubiis
435 1591 703 1637 nominibus
735 1592 819 1638 GL
849 1591 893 1637 V
922 1607 966 1649 p.
993 1597 1079 1637 574
1103 1592 1156 1638 K.
1208 1591 1476 1648 ε611116116,
1523 1604 1625 1648 gen.
1665 1605 1823 1647 masc.⁷

145 1651 199 1693 ut
228 1649 426 1697 Ennius:
460 1650 676 1695 cecidit
708 1651 825 1708 clip
836 1652 966 1696 eus.'
1029 1650 1278 1695 Patricolis
1310 1650 1502 1695 caedem
1530 1650 1581 1693 in
1610 1650 1825 1694 Hectoris

145 1708 281 1752 lutris
327 1709 509 1754 narrari
553 1710 729 1754 Achilli
775 1710 923 1755 statui
969 1710 1087 1755 conl.
1136 1709 1326 1755 Homeri
1369 1709 1422 1755 Il.
1462 1709 1570 1753 XVI
1609 1714 1715 1754 803.
1768 1723 1825 1752 ex

149 1768 392 1813 comoedia
424 1769 614 1826 dempta
645 1769 865 1814 videntur
894 1770 949 1813 A.
984 1769 1254 1827 Spengelio‚
1288 1769 1370 1813 sed
1402 1767 1653 1813 comoediis
1684 1767 1825 1812 Ennii

146 1840 240 1871 11011
270 1842 406 1872 usum
437 1841 537 1873 esse
567 1829 826 1874 Varronem
855 1828 1058 1874 invenio.

946 1954 1018 2002 IX

61 2050 175 2088 335.
208 2078 219 2088 .
253 2078 264 2088 .
303 2039 458 2090 tueor
495 2037 549 2089 te
587 2038 784 2091 senex?
820 2056 919 2107 pro
957 2036 1220 2107 Iuppiter!

264 2137 413 2181 Varro
446 2137 503 2182 de
533 2137 564 2184 1.
596 2138 626 2183 l.
659 2138 746 2182 VH
771 2143 824 2182 12
849 2139 910 2184 M.
977 2137 1154 2182 ‘tueri
1186 2138 1277 2182 duo
1311 2136 1558 2194 significat,
1589 2151 1733 2180 unum
1764 2136 1825 2179 ab

149 2198 341 2261 aspectu
372 2198 426 2263 ut
457 2196 569 2252 dixi,
601 2197 725 2241 unde
757 2199 829 2241 est
858 2196 1003 2241 Enni
1033 2196 1175 2242 illud:
1214 2197 1372 2263 tueor'
1407 2210 1445 2241 e.
1472 2211 1515 2252 q.
1542 2211 1576 2239 s.
1638 2195 1825 2239 Priamo

148 2254 379 2299 Achillem
408 2270 459 2299 111
491 2255 654 2300 eadem
685 2256 849 2300 fabula
881 2256 1034 2300 dicere
1065 2255 1256 2300 60111661.

964 2382 1008 2428 X

913 2463 1053 2517 Aiax

62 2524 148 2564 336
166 2548 371 2602 Lumen
409 2551 630 2605 iubame
669 2552 726 2604 in
765 2553 909 2605 caelo
950 2552 1145 2605 cerno?

269 2652 418 2695 Varro
443 2652 553 2697 del.
579 2652 699 2697 LVI
724 2658 750 2697 6
774 2653 836 2698 M.
887 2653 959 2696 ‘ut
989 2654 1098 2697 ante
1131 2651 1277 2696 solem
1308 2655 1472 2709 ortum,
1505 2651 1630 2707 quod
1663 2651 1826 2695 eadem

155 2709 292 2753 stella
315 2713 511 2754 uocatur
540 2711 728 2769 iubar,
761 2711 887 2767 quod
909 2711 1110 2756 iubata.
1160 2711 1406 2756 E.nnius
1438 2689 1606 2754 A⁷iax’
1639 2710 1826 2766 (Ennii

155 2768 296 2812 Aiax
341 2769 581 2813 Vahlenus
634 2770 685 2813 in
717 2747 957 2827 editione,
1010 2747 1304 2814 Ennianus
1349 2768 1493 2813 Aiax
1538 2767 1663 2812 idem
1708 2783 1824 2813 mus.

154 2826 299 2871 Rhen.
327 2832 397 2881 16,
423 2832 522 2885 578,
547 2828 686 2872 valde
710 2828 901 2884 quidem
922 2828 1276 2895 probabiliter.)
1310 2827 1543 2871 ‘lumen’
1571 2841 1607 2871 e.
1635 2842 1676 2882 q.
1704 2843 1737 2873 s
1763 2829 1826 2884 (a)

155 2884 334 2928 Ibidem
363 2886 428 2930 VI
459 2892 513 2931 81
546 2887 608 2943 M.
674 2888 866 2932 ‘cerno
905 2887 1029 2931 idem
1067 2887 1216 2932 ualet.
1261 2878 1421 2941 itaque
1459 2900 1542 2942 pro
1581 2885 1719 2931 uideo
1759 2886 1829 2929 ait
