<?xml version="1.0" encoding="UTF-8"?>
<!DOCTYPE html PUBLIC "-//W3C//DTD XHTML 1.0 Transitional//EN"
    "http://www.w3.org/TR/xhtml1/DTD/xhtml1-transitional.dtd">
<html xmlns="http://www.w3.org/1999/xhtml" xml:lang="en" lang="en">
 <head>
  <title>
</title>
<meta http-equiv="Content-Type" content="text/html;charset=utf-8" />
  <meta name='ocr-system' content='tesseract 3.04.00' />
  <meta name='ocr-capabilities' content='ocr_page ocr_carea ocr_par ocr_line ocrx_word'/>
</head>
<body>
  <div class='ocr_page' id='page_1' title='image "./fragscaenicaeromr01ribbuoft/fragscaenicaeromr01ribbuoft_0315.png"; bbox 0 0 2020 3140; ppageno 0'>
   <div class='ocr_carea' id='block_1_1' title="bbox 425 111 1814 167">
    <p class='ocr_par' dir='ltr' id='par_1_1' title="bbox 425 111 1814 167">
     <span class='ocr_line' id='line_1_1' title="bbox 425 111 1814 167; baseline 0.002 -11"><span class='ocrx_word' id='word_1_1' title='bbox 425 111 509 156; x_wconf 85' lang='lat' dir='ltr'>EX</span> <span class='ocrx_word' id='word_1_2' title='bbox 537 111 816 157; x_wconf 83' lang='lat' dir='ltr'>INCERTIS</span> <span class='ocrx_word' id='word_1_3' title='bbox 846 111 1245 157; x_wconf 86' lang='lat' dir='ltr'>INCERTORVM</span> <span class='ocrx_word' id='word_1_4' title='bbox 1274 112 1527 158; x_wconf 83' lang='lat' dir='ltr'>FABVLIS</span> <span class='ocrx_word' id='word_1_5' title='bbox 1707 114 1814 167; x_wconf 80' lang='lat'>303</span> 
     </span>
    </p>
   </div>
   <div class='ocr_carea' id='block_1_2' title="bbox 134 244 1816 655">
    <p class='ocr_par' dir='ltr' id='par_1_2' title="bbox 134 244 1816 655">
     <span class='ocr_line' id='line_1_2' title="bbox 140 244 1815 312; baseline 0.001 -24"><span class='ocrx_word' id='word_1_6' title='bbox 140 258 351 290; x_wconf 88' lang='lat' dir='ltr'>accuses.</span> <span class='ocrx_word' id='word_1_7' title='bbox 382 259 477 289; x_wconf 92' lang='lat' dir='ltr'>non</span> <span class='ocrx_word' id='word_1_8' title='bbox 500 244 629 312; x_wconf 75' lang='lat' dir='ltr'>enim</span> <span class='ocrx_word' id='word_1_9' title='bbox 659 244 824 301; x_wconf 91' lang='lat' dir='ltr'>parui</span> <span class='ocrx_word' id='word_1_10' title='bbox 856 245 1058 289; x_wconf 89' lang='lat' dir='ltr'>auditu</span> <span class='ocrx_word' id='word_1_11' title='bbox 1090 245 1440 291; x_wconf 72' lang='lat' dir='ltr'><strong>aestimabit.</strong></span> <span class='ocrx_word' id='word_1_12' title='bbox 1475 245 1561 289; x_wconf 89' lang='lat' dir='ltr'>sin</span> <span class='ocrx_word' id='word_1_13' title='bbox 1592 245 1815 290; x_wconf 91' lang='lat' dir='ltr'>inuere-</span> 
     </span>
     <span class='ocr_line' id='line_1_3' title="bbox 141 303 1816 371; baseline 0.001 -24"><span class='ocrx_word' id='word_1_14' title='bbox 141 304 380 347; x_wconf 89' lang='lat' dir='ltr'>cundum</span> <span class='ocrx_word' id='word_1_15' title='bbox 419 303 593 348; x_wconf 91' lang='lat' dir='ltr'>animi</span> <span class='ocrx_word' id='word_1_16' title='bbox 631 303 926 360; x_wconf 81' lang='lat' dir='ltr'>ingenium</span> <span class='ocrx_word' id='word_1_17' title='bbox 962 304 1242 371; x_wconf 72' lang='lat' dir='ltr'>possidet,</span> <span class='ocrx_word' id='word_1_18' title='bbox 1281 307 1440 349; x_wconf 89' lang='lat' dir='ltr'>tamen</span> <span class='ocrx_word' id='word_1_19' title='bbox 1473 318 1681 350; x_wconf 83' lang='lat' dir='ltr'>accuses:</span> <span class='ocrx_word' id='word_1_20' title='bbox 1721 320 1816 348; x_wconf 92' lang='lat' dir='ltr'>non</span> 
     </span>
     <span class='ocr_line' id='line_1_4' title="bbox 137 362 1815 420; baseline 0.001 -14"><span class='ocrx_word' id='word_1_21' title='bbox 137 362 262 406; x_wconf 89' lang='lat' dir='ltr'>enim</span> <span class='ocrx_word' id='word_1_22' title='bbox 291 363 463 420; x_wconf 88' lang='lat' dir='ltr'>probus</span> <span class='ocrx_word' id='word_1_23' title='bbox 496 364 598 407; x_wconf 89' lang='lat' dir='ltr'>est.’</span> <span class='ocrx_word' id='word_1_24' title='bbox 654 362 800 406; x_wconf 89' lang='lat' dir='ltr'>Iulius</span> <span class='ocrx_word' id='word_1_25' title='bbox 821 362 983 407; x_wconf 89' lang='lat' dir='ltr'>Victor</span> <span class='ocrx_word' id='word_1_26' title='bbox 1013 363 1063 406; x_wconf 91' lang='lat' dir='ltr'>in</span> <span class='ocrx_word' id='word_1_27' title='bbox 1093 364 1230 408; x_wconf 90' lang='lat' dir='ltr'>rhett.</span> <span class='ocrx_word' id='word_1_28' title='bbox 1263 365 1386 408; x_wconf 89' lang='lat' dir='ltr'>Latt.</span> <span class='ocrx_word' id='word_1_29' title='bbox 1418 379 1461 420; x_wconf 88' lang='lat' dir='ltr'>p.</span> <span class='ocrx_word' id='word_1_30' title='bbox 1488 369 1574 407; x_wconf 90' lang='lat'>414</span> <span class='ocrx_word' id='word_1_31' title='bbox 1597 365 1652 408; x_wconf 91' lang='lat' dir='ltr'>H.</span> <span class='ocrx_word' id='word_1_32' title='bbox 1690 365 1815 408; x_wconf 82' lang='lat' dir='ltr'>‘con-</span> 
     </span>
     <span class='ocr_line' id='line_1_5' title="bbox 138 421 1815 480; baseline 0.001 -16"><span class='ocrx_word' id='word_1_33' title='bbox 138 421 352 466; x_wconf 89' lang='lat' dir='ltr'>uersione</span> <span class='ocrx_word' id='word_1_34' title='bbox 383 422 471 466; x_wconf 90' lang='grc'>1100</span> <span class='ocrx_word' id='word_1_35' title='bbox 500 422 660 466; x_wconf 92' lang='lat' dir='ltr'>modo:</span> <span class='ocrx_word' id='word_1_36' title='bbox 694 422 884 480; x_wconf 83' lang='grc'>[2-4].’</span> <span class='ocrx_word' id='word_1_37' title='bbox 942 422 1170 466; x_wconf 77' lang='lat' dir='ltr'>Secuntur</span> <span class='ocrx_word' id='word_1_38' title='bbox 1201 423 1364 467; x_wconf 90' lang='lat' dir='ltr'>eadem</span> <span class='ocrx_word' id='word_1_39' title='bbox 1394 422 1490 467; x_wconf 88' lang='lat' dir='ltr'>fere</span> <span class='ocrx_word' id='word_1_40' title='bbox 1521 423 1665 467; x_wconf 82' lang='lat' dir='ltr'>verba</span> <span class='ocrx_word' id='word_1_41' title='bbox 1680 437 1815 480; x_wconf 91' lang='lat' dir='ltr'>quae</span> 
     </span>
     <span class='ocr_line' id='line_1_6' title="bbox 137 476 1813 561; baseline 0.001 -37"><span class='ocrx_word' id='word_1_42' title='bbox 137 481 264 561; x_wconf 77' lang='lat' dir='ltr'>apud</span> <span class='ocrx_word' id='word_1_43' title='bbox 311 480 578 525; x_wconf 84' lang='lat' dir='ltr'>Ciceronem</span> <span class='ocrx_word' id='word_1_44' title='bbox 621 480 853 538; x_wconf 86' lang='lat' dir='ltr'>leguntur.</span> <span class='ocrx_word' id='word_1_45' title='bbox 916 476 1183 525; x_wconf 74' lang='lat' dir='ltr'>Victorinus</span> <span class='ocrx_word' id='word_1_46' title='bbox 1231 482 1412 538; x_wconf 88' lang='lat' dir='ltr'>explan.</span> <span class='ocrx_word' id='word_1_47' title='bbox 1451 487 1636 548; x_wconf 64' lang='lat'>1³:253’</span> <span class='ocrx_word' id='word_1_48' title='bbox 1672 476 1726 525; x_wconf 86' lang='grc'>12</span> <span class='ocrx_word' id='word_1_49' title='bbox 1757 482 1813 526; x_wconf 91' lang='lat' dir='ltr'>H.</span> 
     </span>
     <span class='ocr_line' id='line_1_7' title="bbox 140 539 1813 600; baseline 0.001 -17.016"><span class='ocrx_word' id='word_1_50' title='bbox 140 540 214 583; x_wconf 83' lang='lat' dir='ltr'>‘si</span> <span class='ocrx_word' id='word_1_51' title='bbox 244 542 498 596; x_wconf 86' lang='lat' dir='ltr'>ueretur,</span> <span class='ocrx_word' id='word_1_52' title='bbox 531 539 666 596; x_wconf 93' lang='lat' dir='ltr'>quid</span> <span class='ocrx_word' id='word_1_53' title='bbox 698 553 927 583; x_wconf 81' lang='lat' dir='ltr'>accuses</span> <span class='ocrx_word' id='word_1_54' title='bbox 953 540 1048 595; x_wconf 90' lang='lat' dir='ltr'>qui</span> <span class='ocrx_word' id='word_1_55' title='bbox 1071 541 1279 597; x_wconf 90' lang='lat' dir='ltr'>probus</span> <span class='ocrx_word' id='word_1_56' title='bbox 1305 544 1448 600; x_wconf 68' lang='lat' dir='ltr'>estP,</span> <span class='ocrx_word' id='word_1_57' title='bbox 1453 540 1499 584; x_wconf 89' lang='lat' dir='ltr'>si</span> <span class='ocrx_word' id='word_1_58' title='bbox 1522 555 1631 585; x_wconf 92' lang='lat' dir='ltr'>non</span> <span class='ocrx_word' id='word_1_59' title='bbox 1655 555 1813 585; x_wconf 90' lang='lat' dir='ltr'>uere-</span> 
     </span>
     <span class='ocr_line' id='line_1_8' title="bbox 134 570 1812 655; baseline 0.001 -14"><span class='ocrx_word' id='word_1_60' title='bbox 134 601 247 655; x_wconf 89' lang='lat' dir='ltr'>tur,</span> <span class='ocrx_word' id='word_1_61' title='bbox 281 599 416 654; x_wconf 90' lang='lat' dir='ltr'>quid</span> <span class='ocrx_word' id='word_1_62' title='bbox 441 613 672 643; x_wconf 84' lang='lat' dir='ltr'>accuses</span> <span class='ocrx_word' id='word_1_63' title='bbox 696 598 792 655; x_wconf 92' lang='lat' dir='ltr'>qui</span> <span class='ocrx_word' id='word_1_64' title='bbox 815 598 872 642; x_wconf 91' lang='lat' dir='ltr'>id</span> <span class='ocrx_word' id='word_1_65' title='bbox 895 599 1060 655; x_wconf 88' lang='lat' dir='ltr'>parui</span> <span class='ocrx_word' id='word_1_66' title='bbox 1086 599 1287 643; x_wconf 91' lang='lat' dir='ltr'>auditu</span> <span class='ocrx_word' id='word_1_67' title='bbox 1312 570 1637 645; x_wconf 78' lang='lat' dir='ltr'>aestimat?’</span> <span class='ocrx_word' id='word_1_68' title='bbox 1658 614 1695 645; x_wconf 92' lang='lat' dir='ltr'>e.</span> <span class='ocrx_word' id='word_1_69' title='bbox 1714 615 1756 655; x_wconf 91' lang='lat' dir='ltr'>q</span> <span class='ocrx_word' id='word_1_70' title='bbox 1779 615 1812 644; x_wconf 90' lang='lat' dir='ltr'>s.</span> 
     </span>
    </p>
   </div>
   <div class='ocr_carea' id='block_1_3' title="bbox 134 688 1814 1099">
    <p class='ocr_par' dir='ltr' id='par_1_3' title="bbox 134 688 1814 1099">
     <span class='ocr_line' id='line_1_9' title="bbox 258 688 1814 732; baseline 0.001 -2"><span class='ocrx_word' id='word_1_71' title='bbox 258 692 280 730; x_wconf 95' lang='lat'>1</span> <span class='ocrx_word' id='word_1_72' title='bbox 317 701 458 732; x_wconf 87' lang='lat' dir='ltr'>causa</span> <span class='ocrx_word' id='word_1_73' title='bbox 497 701 710 731; x_wconf 84' lang='lat' dir='ltr'>accusem</span> <span class='ocrx_word' id='word_1_74' title='bbox 748 701 938 731; x_wconf 88' lang='lat' dir='ltr'>causam</span> <span class='ocrx_word' id='word_1_75' title='bbox 973 688 1111 732; x_wconf 65' lang='lat' dir='ltr'>Heob.</span> <span class='ocrx_word' id='word_1_76' title='bbox 1145 689 1255 732; x_wconf 80' lang='lat' dir='ltr'>Par.</span> <span class='ocrx_word' id='word_1_77' title='bbox 1288 704 1343 732; x_wconf 85' lang='lat' dir='ltr'>m</span> <span class='ocrx_word' id='word_1_78' title='bbox 1372 694 1394 731; x_wconf 94' lang='lat'>1</span> <span class='ocrx_word' id='word_1_79' title='bbox 1441 702 1654 732; x_wconf 85' lang='lat' dir='ltr'>accusem</span> <span class='ocrx_word' id='word_1_80' title='bbox 1691 689 1814 732; x_wconf 89' lang='lat' dir='ltr'>hunc</span> 
     </span>
     <span class='ocr_line' id='line_1_10' title="bbox 135 746 1813 805; baseline 0.001 -16"><span class='ocrx_word' id='word_1_81' title='bbox 135 759 315 802; x_wconf 90' lang='lat' dir='ltr'>nequeo</span> <span class='ocrx_word' id='word_1_82' title='bbox 347 760 527 790; x_wconf 89' lang='lat' dir='ltr'>mecum</span> <span class='ocrx_word' id='word_1_83' title='bbox 558 746 609 789; x_wconf 89' lang='lat' dir='ltr'>id</span> <span class='ocrx_word' id='word_1_84' title='bbox 632 748 831 792; x_wconf 84' lang='lat' dir='ltr'>Bamb.b</span> <span class='ocrx_word' id='word_1_85' title='bbox 855 749 907 790; x_wconf 77' lang='lat' dir='ltr'>in</span> <span class='ocrx_word' id='word_1_86' title='bbox 929 762 1013 805; x_wconf 74' lang='grc'>1119.</span> <span class='ocrx_word' id='word_1_87' title='bbox 1104 761 1283 802; x_wconf 87' lang='lat' dir='ltr'>nequeo</span> <span class='ocrx_word' id='word_1_88' title='bbox 1404 762 1497 802; x_wconf 88' lang='lat' dir='ltr'>qua</span> <span class='ocrx_word' id='word_1_89' title='bbox 1533 761 1568 792; x_wconf 92' lang='grc'>0.</span> <span class='ocrx_word' id='word_1_90' title='bbox 1604 762 1643 792; x_wconf 93' lang='lat' dir='ltr'>a.</span> <span class='ocrx_word' id='word_1_91' title='bbox 1677 747 1813 803; x_wconf 88' lang='lat' dir='ltr'>hunc,</span> 
     </span>
     <span class='ocr_line' id='line_1_11' title="bbox 137 805 1812 862; baseline 0.001 -14"><span class='ocrx_word' id='word_1_92' title='bbox 137 805 403 862; x_wconf 89' lang='lat' dir='ltr'>exputando</span> <span class='ocrx_word' id='word_1_93' title='bbox 443 805 658 850; x_wconf 90' lang='lat' dir='ltr'>euoluere</span> <span class='ocrx_word' id='word_1_94' title='bbox 697 807 803 850; x_wconf 79' lang='lat' dir='ltr'>olim</span> <span class='ocrx_word' id='word_1_95' title='bbox 841 807 965 850; x_wconf 76' lang='lat' dir='ltr'>edidi</span> <span class='ocrx_word' id='word_1_96' title='bbox 1092 811 1117 848; x_wconf 83' lang='lat'><strong>2</strong></span> <span class='ocrx_word' id='word_1_97' title='bbox 1152 820 1363 850; x_wconf 90' lang='lat' dir='ltr'>accusem</span> <span class='ocrx_word' id='word_1_98' title='bbox 1401 808 1512 851; x_wconf 80' lang='lat' dir='ltr'>Par.</span> <span class='ocrx_word' id='word_1_99' title='bbox 1542 822 1598 850; x_wconf 82' lang='lat' dir='ltr'>m.</span> <span class='ocrx_word' id='word_1_100' title='bbox 1626 812 1651 850; x_wconf 92' lang='grc'>2</span> <span class='ocrx_word' id='word_1_101' title='bbox 1686 806 1812 852; x_wconf 80' lang='lat' dir='ltr'>Gorb.</span> 
     </span>
     <span class='ocr_line' id='line_1_12' title="bbox 136 865 1812 910; baseline 0.001 -2"><span class='ocrx_word' id='word_1_102' title='bbox 136 865 298 909; x_wconf 84' lang='lat' dir='ltr'>Bamb.</span> <span class='ocrx_word' id='word_1_103' title='bbox 332 865 464 909; x_wconf 75' lang='lat' dir='ltr'>Leid.</span> <span class='ocrx_word' id='word_1_104' title='bbox 496 867 558 909; x_wconf 84' lang='lat' dir='ltr'>ad</span> <span class='ocrx_word' id='word_1_105' title='bbox 589 865 700 910; x_wconf 76' lang='lat' dir='ltr'>Her.</span> <span class='ocrx_word' id='word_1_106' title='bbox 791 870 818 907; x_wconf 89' lang='lat'>4</span> <span class='ocrx_word' id='word_1_107' title='bbox 850 867 1007 908; x_wconf 89' lang='lat' dir='ltr'>autem</span> <span class='ocrx_word' id='word_1_108' title='bbox 1038 880 1120 909; x_wconf 85' lang='lat' dir='ltr'>om.</span> <span class='ocrx_word' id='word_1_109' title='bbox 1153 866 1291 910; x_wconf 80' lang='lat' dir='ltr'>Bern.</span> <span class='ocrx_word' id='word_1_110' title='bbox 1329 866 1454 910; x_wconf 78' lang='lat' dir='ltr'>Corb.</span> <span class='ocrx_word' id='word_1_111' title='bbox 1487 867 1649 910; x_wconf 84' lang='lat' dir='ltr'>Bamb.</span> <span class='ocrx_word' id='word_1_112' title='bbox 1682 866 1812 910; x_wconf 69' lang='lat' dir='ltr'>Laid.</span> 
     </span>
     <span class='ocr_line' id='line_1_13' title="bbox 135 924 1813 980; baseline -0.001 -12"><span class='ocrx_word' id='word_1_113' title='bbox 135 924 339 968; x_wconf 69' lang='lat' dir='ltr'>Damnst.</span> <span class='ocrx_word' id='word_1_114' title='bbox 372 925 434 968; x_wconf 84' lang='lat' dir='ltr'>ad</span> <span class='ocrx_word' id='word_1_115' title='bbox 464 924 598 980; x_wconf 57' lang='lat' dir='ltr'>Hem,</span> <span class='ocrx_word' id='word_1_116' title='bbox 631 926 683 968; x_wconf 83' lang='lat' dir='ltr'>de</span> <span class='ocrx_word' id='word_1_117' title='bbox 715 925 827 980; x_wconf 55' lang='lat' dir='ltr'>inv„</span> <span class='ocrx_word' id='word_1_118' title='bbox 860 925 1013 968; x_wconf 78' lang='lat' dir='ltr'>Iulius</span> <span class='ocrx_word' id='word_1_119' title='bbox 1046 925 1197 968; x_wconf 75' lang='lat' dir='ltr'>Victor</span> <span class='ocrx_word' id='word_1_120' title='bbox 1312 938 1524 968; x_wconf 87' lang='lat' dir='ltr'>accusem</span> <span class='ocrx_word' id='word_1_121' title='bbox 1555 925 1663 969; x_wconf 77' lang='lat' dir='ltr'>Par.</span> <span class='ocrx_word' id='word_1_122' title='bbox 1696 940 1754 969; x_wconf 85' lang='lat' dir='ltr'>m.</span> <span class='ocrx_word' id='word_1_123' title='bbox 1787 930 1813 967; x_wconf 90' lang='grc'>2</span> 
     </span>
     <span class='ocr_line' id='line_1_14' title="bbox 140 983 1812 1028; baseline 0 -1"><span class='ocrx_word' id='word_1_124' title='bbox 140 983 266 1028; x_wconf 85' lang='lat' dir='ltr'>Corb.</span> <span class='ocrx_word' id='word_1_125' title='bbox 313 983 475 1027; x_wconf 85' lang='lat' dir='ltr'>Bamb.</span> <span class='ocrx_word' id='word_1_126' title='bbox 524 983 654 1028; x_wconf 72' lang='lat' dir='ltr'>Leid.</span> <span class='ocrx_word' id='word_1_127' title='bbox 702 984 906 1028; x_wconf 79' lang='lat' dir='ltr'>Darmst.</span> <span class='ocrx_word' id='word_1_128' title='bbox 949 985 1011 1027; x_wconf 84' lang='lat' dir='ltr'>ad</span> <span class='ocrx_word' id='word_1_129' title='bbox 1048 983 1160 1027; x_wconf 74' lang='lat' dir='ltr'>Her.</span> <span class='ocrx_word' id='word_1_130' title='bbox 1283 983 1448 1027; x_wconf 89' lang='lat' dir='ltr'>auditu</span> <span class='ocrx_word' id='word_1_131' title='bbox 1486 984 1649 1028; x_wconf 79' lang='lat' dir='ltr'>Banzb.</span> <span class='ocrx_word' id='word_1_132' title='bbox 1682 984 1812 1028; x_wconf 79' lang='lat' dir='ltr'>Leid.</span> 
     </span>
     <span class='ocr_line' id='line_1_15' title="bbox 134 1041 1810 1099; baseline -0.001 -13"><span class='ocrx_word' id='word_1_133' title='bbox 134 1042 339 1086; x_wconf 81' lang='lat' dir='ltr'>Darmst.</span> <span class='ocrx_word' id='word_1_134' title='bbox 387 1043 448 1087; x_wconf 79' lang='lat' dir='ltr'>ad</span> <span class='ocrx_word' id='word_1_135' title='bbox 486 1043 620 1097; x_wconf 82' lang='lat' dir='ltr'>Her.,</span> <span class='ocrx_word' id='word_1_136' title='bbox 668 1044 722 1087; x_wconf 81' lang='lat' dir='ltr'>de</span> <span class='ocrx_word' id='word_1_137' title='bbox 767 1044 859 1087; x_wconf 81' lang='lat' dir='ltr'>inv.</span> <span class='ocrx_word' id='word_1_138' title='bbox 982 1041 1217 1086; x_wconf 84' lang='lat' dir='ltr'>existimes</span> <span class='ocrx_word' id='word_1_139' title='bbox 1265 1043 1453 1098; x_wconf 79' lang='lat' dir='ltr'>Herbip.</span> <span class='ocrx_word' id='word_1_140' title='bbox 1502 1042 1737 1086; x_wconf 87' lang='lat' dir='ltr'>existimet</span> <span class='ocrx_word' id='word_1_141' title='bbox 1776 1060 1810 1099; x_wconf 87' lang='grc' dir='ltr'>φ</span> 
     </span>
    </p>
   </div>
   <div class='ocr_carea' id='block_1_4' title="bbox 113 1101 1577 1409">
    <p class='ocr_par' dir='ltr' id='par_1_4' title="bbox 113 1101 1577 1409">
     <span class='ocr_line' id='line_1_16' title="bbox 134 1101 338 1145; baseline 0 0"><span class='ocrx_word' id='word_1_142' title='bbox 134 1102 197 1145; x_wconf 84' lang='lat' dir='ltr'>ad</span> <span class='ocrx_word' id='word_1_143' title='bbox 228 1101 338 1145; x_wconf 80' lang='lat' dir='ltr'>Her.</span> 
     </span>
     <span class='ocr_line' id='line_1_17' title="bbox 886 1167 1071 1215; baseline -0.005 0"><span class='ocrx_word' id='word_1_144' title='bbox 886 1167 1071 1215; x_wconf 83' lang='lat' dir='ltr'>XCVII</span> 
     </span>
     <span class='ocr_line' id='line_1_18' title="bbox 113 1250 1577 1321; baseline 0 -18"><span class='ocrx_word' id='word_1_145' title='bbox 113 1250 292 1304; x_wconf 89' lang='lat' dir='ltr'>·Nunc</span> <span class='ocrx_word' id='word_1_146' title='bbox 332 1252 430 1321; x_wconf 74' lang='lat' dir='ltr'>ego</span> <span class='ocrx_word' id='word_1_147' title='bbox 471 1254 523 1303; x_wconf 90' lang='lat' dir='ltr'>te</span> <span class='ocrx_word' id='word_1_148' title='bbox 564 1251 630 1303; x_wconf 88' lang='lat' dir='ltr'>ab</span> <span class='ocrx_word' id='word_1_149' title='bbox 670 1270 877 1304; x_wconf 89' lang='lat' dir='ltr'>summo</span> <span class='ocrx_word' id='word_1_150' title='bbox 917 1251 1022 1303; x_wconf 75' lang='lat' dir='ltr'>iam</span> <span class='ocrx_word' id='word_1_151' title='bbox 1065 1251 1306 1303; x_wconf 86' lang='lat' dir='ltr'>detexam</span> <span class='ocrx_word' id='word_1_152' title='bbox 1346 1251 1577 1304; x_wconf 74' lang='lat' dir='ltr'>exordio.</span> 
     </span>
     <span class='ocr_line' id='line_1_19' title="bbox 252 1338 1007 1409; baseline 0.003 -15"><span class='ocrx_word' id='word_1_153' title='bbox 252 1351 388 1396; x_wconf 85' lang='lat' dir='ltr'>Rhet.</span> <span class='ocrx_word' id='word_1_154' title='bbox 424 1352 484 1395; x_wconf 90' lang='grc'>311</span> <span class='ocrx_word' id='word_1_155' title='bbox 514 1338 710 1396; x_wconf 89' lang='grc' dir='ltr'>Ηο101111.</span> <span class='ocrx_word' id='word_1_156' title='bbox 744 1351 774 1395; x_wconf 93' lang='grc'>1.</span> <span class='ocrx_word' id='word_1_157' title='bbox 809 1352 947 1409; x_wconf 76' lang='lat' dir='ltr'>supra</span> <span class='ocrx_word' id='word_1_158' title='bbox 978 1352 1007 1396; x_wconf 94' lang='grc'>1.</span> 
     </span>
    </p>
   </div>
   <div class='ocr_carea' id='block_1_5' title="bbox 255 1440 1317 1498">
    <p class='ocr_par' dir='ltr' id='par_1_5' title="bbox 255 1440 1317 1498">
     <span class='ocr_line' id='line_1_20' title="bbox 255 1440 1317 1498; baseline 0.004 -16"><span class='ocrx_word' id='word_1_159' title='bbox 255 1440 470 1483; x_wconf 84' lang='lat' dir='ltr'>detexam</span> <span class='ocrx_word' id='word_1_160' title='bbox 502 1440 662 1484; x_wconf 84' lang='lat' dir='ltr'>ordine</span> <span class='ocrx_word' id='word_1_161' title='bbox 694 1440 882 1485; x_wconf 90' lang='lat' dir='ltr'>exordio</span> <span class='ocrx_word' id='word_1_162' title='bbox 914 1442 1077 1487; x_wconf 81' lang='lat' dir='ltr'>Bamb.</span> <span class='ocrx_word' id='word_1_163' title='bbox 1104 1443 1129 1486; x_wconf 87' lang='lat' dir='ltr'><strong><em>b</em></strong></span> <span class='ocrx_word' id='word_1_164' title='bbox 1160 1456 1216 1485; x_wconf 87' lang='lat' dir='ltr'>m.</span> <span class='ocrx_word' id='word_1_165' title='bbox 1243 1456 1317 1498; x_wconf 74' lang='lat' dir='ltr'>pr.</span> 
     </span>
    </p>
   </div>
   <div class='ocr_carea' id='block_1_6' title="bbox 134 1551 1812 1704">
    <p class='ocr_par' dir='ltr' id='par_1_6' title="bbox 134 1551 1812 1704">
     <span class='ocr_line' id='line_1_21' title="bbox 871 1551 1080 1600; baseline 0 -1"><span class='ocrx_word' id='word_1_166' title='bbox 871 1551 1080 1600; x_wconf 83' lang='lat' dir='ltr'>XCVIII</span> 
     </span>
     <span class='ocr_line' id='line_1_22' title="bbox 134 1633 1812 1704; baseline 0.001 -18"><span class='ocrx_word' id='word_1_167' title='bbox 134 1633 322 1686; x_wconf 76' lang='lat' dir='ltr'>Axena</span> <span class='ocrx_word' id='word_1_168' title='bbox 352 1635 515 1688; x_wconf 89' lang='lat' dir='ltr'>Ponti</span> <span class='ocrx_word' id='word_1_169' title='bbox 545 1653 640 1704; x_wconf 90' lang='lat' dir='ltr'>per</span> <span class='ocrx_word' id='word_1_170' title='bbox 669 1635 807 1688; x_wconf 77' lang='lat' dir='ltr'>freta</span> <span class='ocrx_word' id='word_1_171' title='bbox 834 1634 1059 1688; x_wconf 90' lang='lat' dir='ltr'>Colchos</span> <span class='ocrx_word' id='word_1_172' title='bbox 1092 1635 1318 1704; x_wconf 79' lang='lat' dir='ltr'>densque</span> <span class='ocrx_word' id='word_1_173' title='bbox 1352 1635 1555 1687; x_wconf 85' lang='lat' dir='ltr'>delatus</span> <span class='ocrx_word' id='word_1_174' title='bbox 1587 1634 1812 1687; x_wconf 74' lang='lat' dir='ltr'>adhaesi.</span> 
     </span>
    </p>
   </div>
   <div class='ocr_carea' id='block_1_7' title="bbox 256 1734 1814 1792">
    <p class='ocr_par' dir='ltr' id='par_1_7' title="bbox 256 1734 1814 1792">
     <span class='ocr_line' id='line_1_23' title="bbox 256 1734 1814 1792; baseline -0.001 -13"><span class='ocrx_word' id='word_1_175' title='bbox 256 1735 454 1781; x_wconf 89' lang='lat' dir='ltr'>XCVIII.</span> <span class='ocrx_word' id='word_1_176' title='bbox 486 1735 629 1779; x_wconf 91' lang='lat' dir='ltr'>XCIX</span> <span class='ocrx_word' id='word_1_177' title='bbox 670 1735 739 1779; x_wconf 90' lang='lat' dir='ltr'>De</span> <span class='ocrx_word' id='word_1_178' title='bbox 776 1738 907 1780; x_wconf 87' lang='lat' dir='ltr'>metr.</span> <span class='ocrx_word' id='word_1_179' title='bbox 949 1735 1074 1781; x_wconf 80' lang='lat' dir='ltr'>OGL.</span> <span class='ocrx_word' id='word_1_180' title='bbox 1107 1737 1171 1781; x_wconf 95' lang='lat' dir='ltr'>VI</span> <span class='ocrx_word' id='word_1_181' title='bbox 1203 1741 1288 1779; x_wconf 86' lang='lat'>614</span> <span class='ocrx_word' id='word_1_182' title='bbox 1319 1736 1372 1779; x_wconf 88' lang='lat' dir='ltr'>K.</span> <span class='ocrx_word' id='word_1_183' title='bbox 1438 1734 1814 1792; x_wconf 74' lang='lat' dir='ltr'>‘Aristophanius</span> 
     </span>
    </p>
   </div>
   <div class='ocr_carea' id='block_1_8' title="bbox 134 1793 1815 2147">
    <p class='ocr_par' dir='ltr' id='par_1_8' title="bbox 134 1793 1815 2147">
     <span class='ocr_line' id='line_1_24' title="bbox 137 1793 1815 1853; baseline 0 -16"><span class='ocrx_word' id='word_1_184' title='bbox 137 1797 420 1850; x_wconf 86' lang='lat' dir='ltr'>anapaestus</span> <span class='ocrx_word' id='word_1_185' title='bbox 476 1793 700 1853; x_wconf 92' lang='lat' dir='ltr'>[XCVIII]</span> <span class='ocrx_word' id='word_1_186' title='bbox 757 1795 924 1852; x_wconf 86' lang='lat' dir='ltr'>recipit</span> <span class='ocrx_word' id='word_1_187' title='bbox 975 1796 1118 1852; x_wconf 89' lang='lat' dir='ltr'>pedes</span> <span class='ocrx_word' id='word_1_188' title='bbox 1172 1797 1501 1851; x_wconf 88' lang='lat' dir='ltr'>quaternorum</span> <span class='ocrx_word' id='word_1_189' title='bbox 1555 1796 1815 1851; x_wconf 88' lang='lat' dir='ltr'>temporum</span> 
     </span>
     <span class='ocr_line' id='line_1_25' title="bbox 138 1853 1811 1911; baseline 0 -15"><span class='ocrx_word' id='word_1_190' title='bbox 138 1853 308 1909; x_wconf 86' lang='lat' dir='ltr'>omnis,</span> <span class='ocrx_word' id='word_1_191' title='bbox 347 1853 498 1910; x_wconf 89' lang='lat' dir='ltr'>inplet</span> <span class='ocrx_word' id='word_1_192' title='bbox 533 1853 676 1910; x_wconf 89' lang='lat' dir='ltr'>pedes</span> <span class='ocrx_word' id='word_1_193' title='bbox 709 1856 887 1910; x_wconf 88' lang='lat' dir='ltr'>septem</span> <span class='ocrx_word' id='word_1_194' title='bbox 927 1857 975 1898; x_wconf 92' lang='lat' dir='ltr'>et</span> <span class='ocrx_word' id='word_1_195' title='bbox 1005 1854 1298 1911; x_wconf 85' lang='lat' dir='ltr'>semipedem.</span> <span class='ocrx_word' id='word_1_196' title='bbox 1361 1854 1654 1910; x_wconf 88' lang='lat' dir='ltr'>Anapaestus</span> <span class='ocrx_word' id='word_1_197' title='bbox 1687 1856 1811 1897; x_wconf 89' lang='lat' dir='ltr'>octo-</span> 
     </span>
     <span class='ocr_line' id='line_1_26' title="bbox 134 1911 1812 1971; baseline 0 -16"><span class='ocrx_word' id='word_1_198' title='bbox 134 1912 294 1956; x_wconf 90' lang='lat' dir='ltr'>narius</span> <span class='ocrx_word' id='word_1_199' title='bbox 314 1912 493 1971; x_wconf 89' lang='lat' dir='ltr'>[XCIX]</span> <span class='ocrx_word' id='word_1_200' title='bbox 510 1912 677 1968; x_wconf 90' lang='lat' dir='ltr'>recipit</span> <span class='ocrx_word' id='word_1_201' title='bbox 702 1913 887 1957; x_wconf 90' lang='lat' dir='ltr'>eosdem</span> <span class='ocrx_word' id='word_1_202' title='bbox 909 1914 1051 1970; x_wconf 89' lang='lat' dir='ltr'>pedes</span> <span class='ocrx_word' id='word_1_203' title='bbox 1074 1916 1261 1970; x_wconf 88' lang='lat' dir='ltr'>praeter</span> <span class='ocrx_word' id='word_1_204' title='bbox 1280 1912 1572 1969; x_wconf 86' lang='lat' dir='ltr'>semipedem.</span> <span class='ocrx_word' id='word_1_205' title='bbox 1580 1913 1592 1933; x_wconf 92' lang='lat'>’</span> <span class='ocrx_word' id='word_1_206' title='bbox 1626 1911 1812 1956; x_wconf 87' lang='lat' dir='ltr'>Vtrum-</span> 
     </span>
     <span class='ocr_line' id='line_1_27' title="bbox 138 1971 1809 2028; baseline 0 -14"><span class='ocrx_word' id='word_1_207' title='bbox 138 1985 227 2026; x_wconf 92' lang='lat' dir='ltr'>que</span> <span class='ocrx_word' id='word_1_208' title='bbox 268 1971 529 2028; x_wconf 90' lang='lat' dir='ltr'>exemplum</span> <span class='ocrx_word' id='word_1_209' title='bbox 569 1971 816 2015; x_wconf 89' lang='lat' dir='ltr'>confictum</span> <span class='ocrx_word' id='word_1_210' title='bbox 847 1986 946 2016; x_wconf 89' lang='lat' dir='ltr'>esse</span> <span class='ocrx_word' id='word_1_211' title='bbox 979 1973 1185 2016; x_wconf 85' lang='lat' dir='ltr'>decrevit</span> <span class='ocrx_word' id='word_1_212' title='bbox 1214 1987 1264 2028; x_wconf 91' lang='lat' dir='ltr'>x,</span> <span class='ocrx_word' id='word_1_213' title='bbox 1302 1972 1383 2015; x_wconf 89' lang='lat' dir='ltr'>sed</span> <span class='ocrx_word' id='word_1_214' title='bbox 1414 1971 1470 2014; x_wconf 91' lang='lat' dir='ltr'>cf.</span> <span class='ocrx_word' id='word_1_215' title='bbox 1502 1971 1643 2014; x_wconf 88' lang='lat' dir='ltr'>Ennii</span> <span class='ocrx_word' id='word_1_216' title='bbox 1672 1986 1714 2015; x_wconf 87' lang='lat' dir='ltr'>v.</span> <span class='ocrx_word' id='word_1_217' title='bbox 1742 1976 1809 2015; x_wconf 84' lang='lat'>71.</span> 
     </span>
     <span class='ocr_line' id='line_1_28' title="bbox 135 2029 1812 2088; baseline 0.001 -16"><span class='ocrx_word' id='word_1_218' title='bbox 135 2029 271 2073; x_wconf 89' lang='lat' dir='ltr'>Prius</span> <span class='ocrx_word' id='word_1_219' title='bbox 295 2030 433 2074; x_wconf 91' lang='lat' dir='ltr'>Medo</span> <span class='ocrx_word' id='word_1_220' title='bbox 457 2029 651 2074; x_wconf 86' lang='lat' dir='ltr'>Pacuvii</span> <span class='ocrx_word' id='word_1_221' title='bbox 681 2030 850 2074; x_wconf 88' lang='lat' dir='ltr'>tribuit</span> <span class='ocrx_word' id='word_1_222' title='bbox 870 2031 1156 2088; x_wconf 88' lang='lat' dir='ltr'>Welckerus,</span> <span class='ocrx_word' id='word_1_223' title='bbox 1188 2045 1273 2074; x_wconf 92' lang='lat' dir='ltr'>nec</span> <span class='ocrx_word' id='word_1_224' title='bbox 1306 2030 1505 2074; x_wconf 89' lang='lat' dir='ltr'>alterum</span> <span class='ocrx_word' id='word_1_225' title='bbox 1533 2032 1615 2073; x_wconf 90' lang='lat' dir='ltr'>aut</span> <span class='ocrx_word' id='word_1_226' title='bbox 1639 2030 1698 2073; x_wconf 92' lang='lat' dir='ltr'>ab</span> <span class='ocrx_word' id='word_1_227' title='bbox 1722 2030 1812 2074; x_wconf 88' lang='lat' dir='ltr'>hac</span> 
     </span>
     <span class='ocr_line' id='line_1_29' title="bbox 137 2087 1810 2147; baseline 0 -15"><span class='ocrx_word' id='word_1_228' title='bbox 137 2088 301 2132; x_wconf 88' lang='lat' dir='ltr'>fabula</span> <span class='ocrx_word' id='word_1_229' title='bbox 327 2092 410 2133; x_wconf 88' lang='lat' dir='ltr'>aut</span> <span class='ocrx_word' id='word_1_230' title='bbox 435 2089 495 2132; x_wconf 86' lang='lat' dir='ltr'>ab</span> <span class='ocrx_word' id='word_1_231' title='bbox 511 2089 642 2132; x_wconf 90' lang='lat' dir='ltr'>Accii</span> <span class='ocrx_word' id='word_1_232' title='bbox 658 2090 932 2134; x_wconf 87' lang='lat' dir='ltr'>Prometheo</span> <span class='ocrx_word' id='word_1_233' title='bbox 950 2091 1023 2147; x_wconf 84' lang='lat' dir='ltr'>(cf.</span> <span class='ocrx_word' id='word_1_234' title='bbox 1041 2090 1260 2146; x_wconf 82' lang='lat' dir='ltr'>Aeschyli</span> <span class='ocrx_word' id='word_1_235' title='bbox 1280 2105 1322 2133; x_wconf 87' lang='lat' dir='ltr'>v.</span> <span class='ocrx_word' id='word_1_236' title='bbox 1341 2092 1414 2146; x_wconf 87' lang='lat'>91)</span> <span class='ocrx_word' id='word_1_237' title='bbox 1432 2087 1636 2132; x_wconf 89' lang='lat' dir='ltr'>alienum</span> <span class='ocrx_word' id='word_1_238' title='bbox 1651 2089 1810 2133; x_wconf 89' lang='lat' dir='ltr'>habui.</span> 
     </span>
    </p>
   </div>
   <div class='ocr_carea' id='block_1_9' title="bbox 137 2199 1813 2440">
    <p class='ocr_par' dir='ltr' id='par_1_9' title="bbox 137 2199 1813 2440">
     <span class='ocr_line' id='line_1_30' title="bbox 890 2199 1046 2248; baseline 0 -1"><span class='ocrx_word' id='word_1_239' title='bbox 890 2199 1046 2248; x_wconf 92' lang='lat' dir='ltr'>XCIX</span> 
     </span>
     <span class='ocr_line' id='line_1_31' title="bbox 137 2281 1813 2354; baseline 0.001 -20"><span class='ocrx_word' id='word_1_240' title='bbox 137 2281 240 2335; x_wconf 83' lang='grc'>010</span> <span class='ocrx_word' id='word_1_241' title='bbox 286 2283 443 2350; x_wconf 87' lang='lat' dir='ltr'>beato</span> <span class='ocrx_word' id='word_1_242' title='bbox 490 2282 691 2335; x_wconf 73' lang='lat' dir='ltr'>lumine</span> <span class='ocrx_word' id='word_1_243' title='bbox 737 2283 991 2354; x_wconf 79' lang='lat' dir='ltr'>uolitanS,</span> <span class='ocrx_word' id='word_1_244' title='bbox 1039 2283 1131 2352; x_wconf 89' lang='lat' dir='ltr'>qui</span> <span class='ocrx_word' id='word_1_245' title='bbox 1176 2284 1271 2352; x_wconf 75' lang='grc'>[101</span> <span class='ocrx_word' id='word_1_246' title='bbox 1317 2282 1519 2334; x_wconf 87' lang='lat' dir='ltr'>caelum</span> <span class='ocrx_word' id='word_1_247' title='bbox 1559 2282 1813 2335; x_wconf 76' lang='lat' dir='ltr'>candidus</span> 
     </span>
     <span class='ocr_line' id='line_1_32' title="bbox 1193 2371 1420 2440; baseline -0.004 -16"><span class='ocrx_word' id='word_1_248' title='bbox 1193 2371 1420 2440; x_wconf 81' lang='lat' dir='ltr'>equitas!</span> 
     </span>
    </p>
   </div>
   <div class='ocr_carea' id='block_1_10' title="bbox 133 2471 1813 2576">
    <p class='ocr_par' dir='ltr' id='par_1_10' title="bbox 133 2471 1813 2576">
     <span class='ocr_line' id='line_1_33' title="bbox 256 2471 1813 2528; baseline 0 -12"><span class='ocrx_word' id='word_1_249' title='bbox 256 2471 356 2527; x_wconf 84' lang='lat' dir='ltr'>Ore,</span> <span class='ocrx_word' id='word_1_250' title='bbox 389 2473 418 2515; x_wconf 78' lang='lat' dir='ltr'>i.</span> <span class='ocrx_word' id='word_1_251' title='bbox 453 2486 487 2516; x_wconf 91' lang='lat' dir='ltr'>e.</span> <span class='ocrx_word' id='word_1_252' title='bbox 519 2472 686 2528; x_wconf 73' lang='lat' dir='ltr'>Apollo</span> <span class='ocrx_word' id='word_1_253' title='bbox 710 2490 745 2516; x_wconf 89' lang='grc' dir='ltr'><em>ω</em></span> <span class='ocrx_word' id='word_1_254' title='bbox 777 2474 876 2516; x_wconf 85' lang='grc'>0110</span> <span class='ocrx_word' id='word_1_255' title='bbox 900 2473 1228 2517; x_wconf 77' lang='lat' dir='ltr'>Lachmannus</span> <span class='ocrx_word' id='word_1_256' title='bbox 1259 2471 1380 2514; x_wconf 89' lang='lat' dir='ltr'>clare</span> <span class='ocrx_word' id='word_1_257' title='bbox 1406 2472 1527 2515; x_wconf 75' lang='lat' dir='ltr'>Bne:</span> <span class='ocrx_word' id='word_1_258' title='bbox 1558 2477 1671 2516; x_wconf 82' lang='lat' dir='ltr'>reete</span> <span class='ocrx_word' id='word_1_259' title='bbox 1694 2473 1813 2516; x_wconf 82' lang='lat' dir='ltr'>idem</span> 
     </span>
     <span class='ocr_line' id='line_1_34' title="bbox 133 2531 1707 2576; baseline 0 -1"><span class='ocrx_word' id='word_1_260' title='bbox 133 2533 246 2576; x_wconf 79' lang='lat' dir='ltr'>conl.</span> <span class='ocrx_word' id='word_1_261' title='bbox 283 2531 511 2576; x_wconf 71' lang='lat' dir='ltr'>Ciceronis</span> <span class='ocrx_word' id='word_1_262' title='bbox 540 2535 673 2576; x_wconf 78' lang='lat' dir='ltr'>Arat.</span> <span class='ocrx_word' id='word_1_263' title='bbox 702 2535 786 2574; x_wconf 89' lang='grc'>180</span> <span class='ocrx_word' id='word_1_264' title='bbox 817 2531 1022 2575; x_wconf 87' lang='lat' dir='ltr'>uolitans</span> <span class='ocrx_word' id='word_1_265' title='bbox 1054 2533 1116 2576; x_wconf 80' lang='lat' dir='ltr'>ad</span> <span class='ocrx_word' id='word_1_266' title='bbox 1146 2532 1454 2575; x_wconf 70' lang='lat' dir='ltr'>antecedentia</span> <span class='ocrx_word' id='word_1_267' title='bbox 1483 2532 1707 2575; x_wconf 79' lang='lat' dir='ltr'>revocavit</span> 
     </span>
    </p>
   </div>
   <div class='ocr_carea' id='block_1_11' title="bbox 286 2640 1474 2793">
    <p class='ocr_par' dir='ltr' id='par_1_11' title="bbox 286 2640 1474 2793">
     <span class='ocr_line' id='line_1_35' title="bbox 953 2640 988 2688; baseline 0 0"><span class='ocrx_word' id='word_1_268' title='bbox 953 2640 988 2688; x_wconf 93' lang='lat' dir='ltr'>C</span> 
     </span>
     <span class='ocr_line' id='line_1_36' title="bbox 286 2723 1474 2793; baseline -0.003 -15"><span class='ocrx_word' id='word_1_269' title='bbox 286 2769 295 2778; x_wconf 88' lang='lat'>.</span> <span class='ocrx_word' id='word_1_270' title='bbox 358 2744 388 2778; x_wconf 96' lang='lat' dir='ltr'>o</span> <span class='ocrx_word' id='word_1_271' title='bbox 430 2725 616 2777; x_wconf 90' lang='lat' dir='ltr'>domus</span> <span class='ocrx_word' id='word_1_272' title='bbox 655 2724 896 2793; x_wconf 78' lang='lat' dir='ltr'>antiqua,</span> <span class='ocrx_word' id='word_1_273' title='bbox 933 2724 1038 2776; x_wconf 88' lang='lat' dir='ltr'>heu</span> <span class='ocrx_word' id='word_1_274' title='bbox 1078 2742 1237 2792; x_wconf 86' lang='lat' dir='ltr'>quam</span> <span class='ocrx_word' id='word_1_275' title='bbox 1276 2723 1474 2792; x_wconf 82' lang='lat' dir='ltr'>dispari</span> 
     </span>
    </p>
   </div>
   <div class='ocr_carea' id='block_1_12' title="bbox 133 2812 1898 2866">
    <p class='ocr_par' dir='ltr' id='par_1_12' title="bbox 133 2812 1898 2866">
     <span class='ocr_line' id='line_1_37' title="bbox 133 2812 1898 2866; baseline 0.001 -2"><span class='ocrx_word' id='word_1_276' title='bbox 133 2812 421 2866; x_wconf 79' lang='lat' dir='ltr'>Dominare</span> <span class='ocrx_word' id='word_1_277' title='bbox 463 2813 698 2866; x_wconf 79' lang='lat' dir='ltr'>domino!</span> <span class='ocrx_word' id='word_1_278' title='bbox 1812 2826 1898 2866; x_wconf 85' lang='lat'>185</span> 
     </span>
    </p>
   </div>
   <div class='ocr_carea' id='block_1_13' title="bbox 257 2913 1811 2971">
    <p class='ocr_par' dir='ltr' id='par_1_13' title="bbox 257 2913 1811 2971">
     <span class='ocr_line' id='line_1_38' title="bbox 257 2913 1811 2971; baseline -0.001 -14"><span class='ocrx_word' id='word_1_279' title='bbox 257 2913 415 2958; x_wconf 92' lang='lat' dir='ltr'>Cicero</span> <span class='ocrx_word' id='word_1_280' title='bbox 465 2915 522 2958; x_wconf 90' lang='lat' dir='ltr'>de</span> <span class='ocrx_word' id='word_1_281' title='bbox 569 2913 643 2958; x_wconf 87' lang='lat' dir='ltr'>off.</span> <span class='ocrx_word' id='word_1_282' title='bbox 679 2914 701 2957; x_wconf 94' lang='lat' dir='ltr'>I</span> <span class='ocrx_word' id='word_1_283' title='bbox 732 2918 920 2971; x_wconf 88' lang='lat'>39,139</span> <span class='ocrx_word' id='word_1_284' title='bbox 973 2913 1134 2957; x_wconf 84' lang='lat' dir='ltr'>‘aliter</span> <span class='ocrx_word' id='word_1_285' title='bbox 1185 2913 1339 2969; x_wconf 88' lang='lat' dir='ltr'>ampla</span> <span class='ocrx_word' id='word_1_286' title='bbox 1386 2913 1548 2957; x_wconf 88' lang='lat' dir='ltr'>domus</span> <span class='ocrx_word' id='word_1_287' title='bbox 1596 2913 1811 2957; x_wconf 81' lang='lat' dir='ltr'>dedecori</span> 
     </span>
    </p>
   </div>
  </div>
 </body>
</html>
