1980 3146
101 457 186 495 520

4 2436 7 2439 ¹
97 2389 180 2427 525

190 115 297 168 236
882 116 932 160 L.
964 116 1174 160 ACCIVS

818 255 1243 309 PHILOCTETA

1021 359 1046 405 I

335 441 563 513 Inchite,
601 460 769 511 parua
805 442 1018 511 prodite
1055 443 1252 513 patria,

335 531 568 584 Nomine
609 530 804 583 celebri
843 531 1093 599 claroque
1130 534 1320 600 potens

335 620 580 689 Pectore,
617 618 843 671 Achiuis
882 620 1144 672 classibus
1184 620 1393 690 ductor,

338 708 529 770 Grauis
567 708 853 760 Dardaniis
891 708 1146 778 gentibus
1184 709 1352 780 ultor,

335 797 636 850 Laertiade!

304 895 530 953 Apuleius
563 897 620 940 de
652 897 739 941 deo
772 896 976 941 Socratis
1007 911 1045 941 c.
1071 902 1128 940 24
1163 897 1270 941 ‘sed
1300 899 1366 954 ut,
1399 898 1480 953 qui
1514 901 1562 943 te
1586 900 1716 944 uolet
1738 900 1872 944 nobi-

186 956 347 1012 litare,
389 969 535 1011 aeque
573 956 757 1012 laudet,
790 958 845 999 ut
874 956 1042 1000 Accius
1073 956 1244 1000 Vlixen
1280 956 1496 1001 laudauit
1527 957 1577 1001 in
1606 959 1873 1003 Philocteta

188 1029 271 1059 suo
309 1014 368 1058 in
406 1014 527 1058 eius
566 1014 905 1072 tragoediae
940 1014 1254 1072 principio:
1293 1015 1514 1061 inclute
1549 1055 1556 1061 .
1586 1055 1593 1063 .
1623 1056 1630 1062 .
1661 1056 1668 1062 .
1701 1018 1872 1062 Laer-

186 1074 358 1118 tiade.
431 1073 697 1118 Nouissime
749 1077 933 1131 patrem
983 1076 1244 1119 memorat.’
1321 1074 1473 1128 Quae·
1505 1076 1751 1133 descripsit
1799 1077 1871 1122 Jo.

189 1132 542 1177 Sarisberiensis
580 1133 679 1178 Pol.
718 1148 763 1190 p.
797 1139 897 1178 402.
958 1133 1134 1177 Marius
1179 1133 1447 1178 Victorinus
1487 1134 1614 1181 CGL.
1647 1137 1711 1181 VI
1736 1141 1790 1180 77
1815 1136 1870 1181 K.
1900 1162 1907 1168 ·

191 1192 562 1249 ‘anapaesticum
591 1193 736 1236 melos
768 1192 893 1236 binis
924 1192 1122 1250 pedibus
1155 1195 1283 1237 amat
1313 1207 1500 1237 sensum
1528 1194 1787 1252 includere,
1819 1198 1874 1239 ut

189 1251 315 1308 apud
336 1251 550 1297 Accium:
583 1251 831 1297 inclute.
854 1290 861 1296 .
883 1252 1182 1309 gentibus
1208 1254 1437 1297 auctor.’
1486 1253 1675 1298 Caesius
1699 1255 1871 1298 Bassus

188 1310 313 1355 CGL.
340 1310 404 1355 VI
428 1316 512 1355 267
537 1310 591 1355 Κ.
658 1312 863 1355 ‘constat
901 1311 1050 1355 enim’
1093 1311 1342 1369 (clausulaz
1381 1312 1549 1356 terruit
1580 1314 1755 1371 orbem)
1790 1315 1871 1357 ‘ex

187 1369 376 1427 dactylo
409 1373 457 1414 61
488 1370 712 1427 spondeo,
742 1385 861 1426 quae
889 1370 1129 1414 clausulae
1153 1373 1201 1414 et
1229 1384 1313 1428 per
1344 1385 1392 1415 se
1424 1372 1651 1428 repetitae
1677 1375 1725 1417 et
1747 1372 1873 1416 inter

188 1443 235 1472 se
276 1428 464 1473 iunctae
496 1429 832 1486 anapaesticon
861 1432 1043 1474 metron
1078 1429 1307 1486 efficiunt,
1348 1430 1435 1476 sic:
1471 1468 1627 1477 ......
1652 1431 1871 1488 inclyte

189 1525 196 1532 .
218 1525 226 1532 .
248 1525 255 1532 .
281 1489 518 1544 potens.⁷
569 1488 804 1532 Charisius
827 1504 872 1546 p.
899 1494 984 1534 289
1004 1504 1070 1545 sq.
1094 1489 1149 1533 K.
1201 1489 1434 1546 ‘rythmos
1467 1517 1522 1522 —
1555 1518 1610 1523 ——
1645 1492 1872 1550 [car]men

187 1548 231 1604 [1
251 1548 340 1606 sq.]
373 1573 429 1580 -—-
453 1574 510 1580 —
545 1550 599 1592 ut
631 1561 687 1592 ex
717 1547 790 1591 his
819 1549 825 1606 Ι
853 1548 934 1604 (1111
964 1548 1085 1592 forte
1117 1562 1277 1592 uersus
1308 1548 1528 1606 inclyte
1565 1564 1744 1606 parua
1783 1564 1869 1607 ego

186 1620 289 1650 com
304 1642 416 1651 .....
432 1603 539 1650 dem
553 1621 662 1651 1161.
681 1644 689 1651 .
707 1607 860 1652 fecero
877 1607 1008 1651 cuius
1026 1610 1135 1651 sunt
1149 1607 1235 1651 illa
1250 1621 1526 1664 quaenam
1547 1611 1603 1653 te
1629 1609 1873 1666 adigunt
1943 1661 1946 1663 ¹

185 1665 391 1722 hospes
415 1665 520 1723 (inc.
545 1665 634 1710 inc.
661 1666 892 1724 CXLVII),
915 1666 1127 1710 manebit
1147 1666 1298 1710 isdem
1319 1667 1515 1711 uocibus
1540 1671 1588 1712 et
1611 1671 1684 1712 est
1707 1668 1872 1712 eodem

184 1724 296 1768 flore
328 1727 377 1768 et
407 1738 464 1768 ex
493 1727 641 1769 metro
673 1728 937 1770 remouetur
960 1727 1049 1785 [et]
1079 1728 1290 1770 mutatur
1321 1728 1369 1770 et
1398 1727 1452 1770 fit
1473 1727 1620 1771 melos
1643 1727 1868 1784 profecto.

186 1786 234 1827 61
272 1783 313 1827 si
345 1783 493 1828 melos
525 1784 788 1828 extenderis
800 1822 810 1841 ,
848 1788 902 1829 ut
931 1785 982 1828 in
1012 1785 1134 1829 hanc
1164 1785 1328 1829 ueniat
1358 1786 1675 1841 quantitatem
1705 1800 1868 1831 uorsus

183 1842 405 1899 inclyte
437 1843 682 1903 [hospes]
712 1858 891 1900 parua
920 1844 1184 1901 praedite
1214 1844 1408 1901 patria
1438 1847 1486 1888 et
1517 1845 1609 1889 duo
1639 1847 1871 1899 commata

183 1902 262 1945 uel
291 1902 591 1946 hemistichia
620 1902 824 1947 iunxeris
856 1906 911 1947 ut
940 1903 1103 1963 falcias
1129 1903 1215 1948 sic:
1248 1918 1317 1959 qu
1328 1918 1523 1948 aenam
1546 1907 1601 1948 te
1627 1904 1870 1961 adigunt

184 1961 390 2018 hospes
424 1964 629 2019 stagna
660 1962 891 2019 capacis
922 1962 1111 2006 uisere
1142 1963 1387 2007 Auerni.’

305 2054 328 2092 1
376 2049 562 2106 prodite
607 2051 780 2107 Apulei
824 2051 935 2096 Par.
988 2051 1171 2108 predite
1217 2052 1372 2107 Mon„
1427 2066 1508 2096 om.
1559 2052 1685 2104 Flor.
1738 2051 1869 2109 pdite

187 2107 389 2153 Charisii
433 2111 528 2154 cod.
572 2109 788 2167 praedite
834 2125 934 2155 cum
979 2112 1135 2155 ceteris
1179 2111 1407 2168 Berykius
1526 2116 1552 2154 3
1593 2111 1759 2154 ductor
1796 2111 1867 2155 Jo.

184 2167 542 2223 Sarisberiensis,
575 2170 871 2214 Hei-mannus
903 2172 1065 2213 auctor
1094 2171 1332 2227 Apuleius,
1373 2171 1633 2215 Victorinus

994 2294 1045 2341 II

598 2420 609 2430 .
685 2377 908 2430 Lemm'a
945 2382 1157 2447 praesto

333 2464 519 2517 Litora
556 2484 698 2535 rara,
738 2470 790 2518 et
829 2467 968 2518 celsa
1009 2465 1261 2519 Cabirum

331 2552 570 2605 Delubra
607 2557 755 2606 tenes
764 2597 778 2623 ‚
816 2556 1074 2622 mysteria
1113 2574 1247 2623 quae

329 2640 565 2693 Pristsna
604 2643 763 2694 castis
802 2645 1057 2711 concepta
1096 2644 1260 2714 sacris

867 2730 899 2763 ἑὲ
1152 2730 1184 2764 ³1<

1009 2767 1041 2801 ἥς

328 2816 588 2870 Volcania
625 2819 802 2887 (iam)
840 2819 1040 2887 templa
1079 2819 1177 2870 sub
1216 2819 1347 2888 ipsis

96 2915 181 2953 530
335 2902 598 2975 Collibus,
637 2907 694 2957 in
733 2924 866 2974 quos
906 2907 1110 2958 delatus
1148 2892 1294 2957 locos
