1980 3146
230 129 300 182 86
863 127 925 172 M.
957 114 1254 178 PAcvvrvs

757 372 845 441 M.
898 368 1366 442 PAOVVIVS

914 514 1211 565 ANTIOPA

345 615 515 659 PAcvw
545 613 747 658 Annon
786 627 841 657 ex
871 611 1105 669 Euripidis
1145 611 1308 656 fabula
1338 611 1412 669 (cf.
1444 612 1601 669 Hygm
1646 615 1689 670 8)
1726 627 1895 670 cogno-

228 674 352 718 mine
383 687 619 731 expressa:
661 671 817 717 Cicero
850 673 906 716 de
937 672 1012 715 fin.
1044 671 1066 714 I
1092 676 1139 727 2,
1165 676 1204 715 4.
1254 671 1309 714 cf.
1343 671 1486 716 Acad.
1517 687 1584 728 pr.
1519 626 1652 714 gmfi
1676 677 1723 728 7,
1749 677 1805 716 20
1837 672 1895 716 de

230 733 303 777 off.
336 733 450 789 131,
477 737 574 776 114.
1046 796 1074 844 I

165 889 214 935 1ει
230 882 375 936 Iouis
413 884 477 935 ex
514 880 749 950 Antiopa
785 878 840 933 N
839 880 982 948 §otei
1018 879 1138 932 nati
1171 879 1344 949 (duo)

345 983 521 1027 Probus
574 982 624 1025 in
661 981 797 1038 Verg.
837 980 932 1025 Ecl.
966 985 1013 1035 2,
1046 984 1102 1024 25
1147 996 1191 1037 p.
1226 985 1250 1024 7
1289 981 1342 1024 K.
1415 980 1799 1038 ‘Amphionem
1847 982 1896 1025 et

145 1086 148 1089 .
231 1043 460 1087 Zethum
489 1039 733 1098 Euripides
765 1042 813 1084 et
844 1039 966 1096 apud
997 1053 1081 1083 nos
1114 1039 1343 1083 Pacuuius
1374 1039 1527 1084 Iouis
1560 1054 1624 1084 ex
1647 1040 1897 1098 Antiopa

229 1100 433 1159 Nyctei
463 1100 532 1145 ait
562 1100 759 1144 natos’
825 1098 1066 1143 Senarium
1095 1098 1278 1156 prologi
1309 1098 1469 1143 elicuit
1498 1099 1820 1144 Buechelerus.

1035 1225 1087 1271 II

340 1310 495 1362 Rhet.
527 1309 594 1362 ad
623 1308 852 1362 Herenn.
883 1307 937 1360 II
968 1308 1054 1377 27,
1084 1308 1155 1362 43
1196 1308 1349 1360 ‘item
1380 1308 1669 1360 uerendum
1701 1311 1794 1378 est,
1830 1308 1921 1383 ne'

231 1399 294 1451 de
333 1399 436 1451 alia
474 1416 529 1451 re
569 1398 794 1467 dicatur,
837 1415 957 1450 cum
996 1397 1100 1449 alia
1139 1397 1201 1448 de
1240 1415 1295 1448 re
1334 1397 1694 1450 controuersia
1732 1398 1867 1450 sit..
1885 1440 1896 1450 .

230 1487 311 1540 uti
357 1486 497 1556 apud
540 1485 834 1539 Pacuuium
871 1485 1105 1538 Zethus
1153 1503 1287 1537 cum
1325 1477 1700 1556 Amphione,
1747 1504 1897 1555 quo-

229 1595 363 1628 rum
402 1574 841 1628 controuersia
872 1574 941 1626 de
972 1574 1210 1626 musica
1241 1573 1498 1626 inducta
1530 1576 1645 1643 est,
1685 1574 1896 1644 dispu-

229 1664 390 1717 tatio
441 1664 504 1716 in
550 1663 902 1732 sapientiae
947 1663 1262 1716 rationem
1309 1665 1369 1715 et
1405 1662 1676 1715 uirtutis
1715 1663 1895 1716 111-,1114

229 1755 422 1805 tatem
461 1751 891 1804 consumitur?

345 1853 521 1897 Eadem
558 1850 870 1896 contioversia
899 1851 1112 1909 tangitur
1142 1851 1215 1895 his
1248 1851 1479 1896 Ciceronis
1511 1852 1647 1898 locis:
1688 1854 1744 1898 de
1777 1840 1892 1900 orat.

228 1912 270 1955 II
293 1911 678 1968 37,155(1111101,
711 1925 790 1954 cur
811 1910 1136 1967 philosophiae
1160 1911 1280 1955 sicut
1303 1911 1472 1955 Zethus
1496 1911 1575 1955 ille
1600 1912 1893 1957 Pacuuianus

228 1985 370 2028 prope
415 1970 591 2014 bellum
634 1969 888 2014 indixeris?
953 1970 1009 2014 de
1052 1984 1149 2036 rep
1181 1970 1203 2013 I
1236 1975 1310 2025 18,
1341 1974 1397 2013 30
1446 1971 1612 2026 ‘atque
1658 1971 1817 2016 idem.

230 2030 424 2074 Zethum
459 2029 594 2073 illum
623 2028 799 2072 Pacuui
828 2028 966 2072 nimis
998 2028 1237 2072 inimicum
1268 2028 1506 2074 doctrinae
1538 2043 1637 2073 esse
1669 2008 1889 2075 dicebat)

169 2112 171 2115 ·
229 2089 286 2132 de
317 2088 409 2133 inv.
441 2089 463 2132 Ι
487 2093 563 2145 50,
589 2093 645 2132 94
687 2087 752 2131 ‘si
788 2102 882 2132 non
920 2087 969 2131 id
1008 2088 1132 2143 quod
1163 2088 1457 2133 accusabitur
1489 2088 1740 2134 defendet.
1805 2091 1894 2135 ‚ut

228 2148 461 2205 Amphion
499 2147 623 2204 apud
653 2146 921 2203 Euripidem
953 2146 1086 2205 [item
1116 2147 1241 2204 apud
1272 2147 1566 2214 Pacuuium],
1599 2147 1679 2203 qui
1711 2126 1892 2206 uitupe-

228 2209 331 2250 rata
369 2206 545 2251 musica
585 2205 862 2263 sapientiam
899 2205 1095 2250 laudat!
1159 2206 1224 2251 Cf.
1256 2207 1363 2252 Hor
1405 2206 1537 2263 epist.
1570 2207 1591 2249 I
1618 2211 1692 2261 18,
1718 2212 1774 2251 39
1792 2222 1890 2264 sqq

166 2396 217 2450 1b
234 2398 372 2452 Loca
409 2399 624 2452 horrida
661 2400 833 2452 initas,
1019 2331 1096 2377 HI

347 2499 592 2566 Diomedes
623 2515 666 2556 p.
693 2505 776 2544 336
802 2501 850 2544 P.
916 2500 1044 2545 ‘ineo
1076 2500 1187 2556 inis,
1221 2503 1268 2545 et
1298 2500 1443 2545 inito
1477 2501 1692 2558 dicimus,
1724 2503 1776 2546 ut
1806 2503 1893 2547 Pa-

232 2557 393 2600 cuuius
424 2558 473 2601 in
502 2558 726 2615 Antiopa:
759 2559 789 2603 l.
822 2560 864 2604 h
898 2558 946 2604 i.’

1025 2655 1097 2701 IV

946 2736 1179 2807 Amphio

234 2823 539 2894 Quadrupes
578 2825 879 2896 tardigrada
918 2826 1139 2895 agrestis
1176 2825 1393 2884 humilis
1431 2824 1635 2895 aspera,

232 2909 393 2962 Breui
432 2913 626 2981 capite,
665 2913 866 2965 ceruice
905 2914 1157 2983 anguina,
1195 2915 1410 2981 aspectu
1448 2913 1606 2983 truci,
