2020 3140
422 94 504 138 EX
533 93 811 139 INCERTIS
842 93 1242 139 INCERTORVM
1271 93 1524 139 FABVLIS
1704 95 1811 148 289

131 226 412 330 praemilssis.
474 226 548 270 Ad
585 226 755 270 Naevii
800 227 1093 285 Iphigeniam
1134 226 1318 272 rettuli:
1366 226 1422 271 cf.
1465 226 1622 283 Eurip.
1662 227 1813 284 Iphig.

174 301 270 331 aur.
341 301 439 342 sqq.

256 382 276 418 1
316 377 450 431 patre
495 376 752 432 prognatus
797 377 961 432 scripsi
996 378 1253 432 prognatus
1299 376 1537 420 Diomedis
1573 376 1672 420 edd.
1712 381 1812 420 vett.

132 435 420 490 propagatus
453 435 813 491 (propugnatum
841 440 895 478 ut
920 436 1010 479 vid.
1035 449 1093 479 m.
1120 440 1142 478 1
1169 434 1393 490 Ambros.)
1429 434 1618 492 Quintil.
1643 451 1678 478 ω
1710 448 1814 492 pro-

132 495 376 596 ³13¹³³¹¹221
394 494 632 597 ῗᾶἔῒῗξ
655 510 689 536 ‘²’
713 494 1451 597 {ffffgmgffiuffifflffffffi
1517 495 1814 598 Ξηοῗῗαῖηἵ·

133 566 302 667 suzog'lae
316 589 571 669 Aryentor„
603 586 686 655 om.
710 588 999 668 Quintiliani·
1021 628 1057 667 φ
1147 613 1380 670 propagat
1402 567 1606 656 Amlgros.
1631 627 1688 656 m.
1715 617 1740 655 2
1765 590 1818 656 in

136 684 243 725 ras„
268 671 453 715 Monac.
485 682 661 726 pagens
686 671 785 726 (om.
811 672 975 727 genus)
998 670 1161 715 Bamb.
1187 671 1333 726 suppl.
1365 669 1553 726 parauit
1575 671 1814 729 Aryentor.

931 794 1021 842 LV

135 877 224 930 En
260 877 465 948 impero
503 876 694 949 Argis,
732 880 940 948 sceptra
977 878 1113 931 mihi
1151 877 1313 947 liqust
1348 878 1565 949 PeIOPS,

154 966 269 1029 Qua
304 968 471 1036 ponto
510 966 576 1019 ab
616 967 798 1020 Helles
836 968 996 1036 atque
1035 967 1101 1019 ab
1140 966 1294 1020 Ionio
1333 968 1469 1020 mari
1821 982 1908 1022 105

137 1053 377 1125 Vrgetur
412 1054 663 1108 Isthmus,

257 1155 431 1200 Seneca
470 1156 603 1213 epist.
638 1161 694 1201 80
737 1157 843 1202 ‘ille
882 1158 964 1214 qui
1001 1157 1052 1201 in
1092 1172 1232 1202 scena
1261 1158 1386 1201 latus
1416 1157 1594 1201 incedit
1625 1159 1672 1201 et
1702 1157 1818 1201 haec

135 1214 380 1271 resupinus
427 1215 563 1261 dicit:
611 1230 676 1260 en
720 1216 959 1274 impero’
994 1231 1031 1262 e.
1065 1232 1108 1273 q.
1143 1232 1176 1262 s,
1242 1218 1428 1261 ‘seruus
1475 1219 1566 1261 est:
1614 1216 1817 1272 quinque

136 1273 318 1318 modios
363 1275 536 1332 accipit
578 1277 626 1319 et
664 1275 869 1332 quinque
909 1276 1159 1321 denarios.’
1224 1275 1540 1330 Quintilianus
1571 1275 1634 1318 IX
1657 1281 1706 1332 4,
1734 1281 1818 1319 140

142 1332 328 1388 ‘itaque
351 1333 637 1391 tragoediae,
670 1335 752 1378 ubi
774 1349 964 1380 necesse
989 1338 1074 1392 est,
1107 1335 1397 1379 adfectamus
1423 1334 1567 1379 etiam
1590 1337 1819 1378 tumorem

138 1405 196 1435 ex
219 1392 436 1449 spondeis
462 1395 603 1449 atque
626 1393 812 1451 iambis,
836 1394 1031 1450 quibus’
1067 1395 1192 1451 (add.
1213 1394 1528 1451 Spaldingius,
1554 1408 1640 1438 om.
1667 1394 1819 1450 codd.)

143 1451 359 1496 ‘maxime
400 1452 684 1499 continetur:
725 1466 790 1497 en
827 1453 1040 1511 impero
1067 1454 1399 1511 ...Pelops.’
1463 1452 1638 1496 Iniuria
1668 1453 1759 1496 huc
1791 1467 1819 1496 a

137 1509 297 1567 Lipsio
327 1511 528 1555 relatum
560 1525 659 1556 esse
691 1511 959 1557 Ciceronem
989 1514 1104 1557 orat.
1130 1518 1201 1568 49,
1229 1517 1312 1557 163
1344 1512 1414 1569 (fr.
1440 1512 1577 1568 XCII)
1609 1511 1818 1555 animad-

138 1569 283 1613 vertit
313 1569 480 1615 Bernh.
514 1570 798 1615 Schmidtius
829 1587 945 1616 mus.
977 1572 1124 1616 Rhen.
1148 1572 1257 1615 XVI
1281 1576 1387 1627 5983
1419 1571 1545 1615 idem
1573 1573 1681 1628 post
1711 1570 1816 1615 Alb.

139 1628 370 1685 Langium
408 1629 462 1674 fr.
494 1630 574 1674 LV
618 1644 768 1675 novae
814 1631 1086 1688 tragoediae
1132 1630 1414 1687 vindicavit,
1464 1629 1624 1674 addidi
1664 1629 1818 1673 obser-

137 1687 378 1732 vationem
409 1689 466 1732 de
495 1691 613 1745 part.
645 1689 746 1734 Lat.
778 1705 822 1746 p.
856 1696 925 1735 36.

259 1781 282 1819 1
317 1776 490 1833 scripta
518 1778 798 1835 Quintiliani
819 1779 1058 1837 Aryento‘r.
1083 1792 1228 1836 regna
1252 1778 1433 1833 Seneca,
1458 1778 1577 1835 quod
1599 1778 1820 1822 immerito

138 1841 291 1880 tuetwr
321 1836 490 1880 Bernh.
524 1836 800 1883 Schmidtius
887 1838 953 1881 mi
989 1839 1223 1883 Turnebus

919 1948 1035 1995 LVI

140 2028 304 2092 Quasi
342 2029 525 2085 Helles
562 2035 789 2100 pontum
828 2035 881 2084 et
919 2032 1149 2084 claustra
1188 2073 1404 2084 .....

256 2130 404 2175 Varro
437 2131 554 2175 del.
587 2132 617 2177 1.
643 2132 729 2175 VII
753 2137 806 2175 21
852 2131 1067 2188 ‘quasi'
1102 2146 1140 2177 e.
1173 2147 1216 2188 q.
1250 2147 1284 2176 S.
1350 2130 1650 2186 ‘claustra,
1692 2129 1818 2184 quod

140 2188 312 2233 Xerxes
352 2190 587 2245 quondam
625 2204 730 2234 eum
761 2191 916 2235 locum
947 2190 1149 2235 clausit.’
1199 2190 1369 2248 (quasi]
1403 2187 1561 2233 Cassi
1594 2188 1644 2232 O.
1669 2187 1817 2232 Muel-

138 2247 263 2291 lerus
288 2248 516 2292 Cassius
541 2249 784 2306 Scioppius
806 2249 1070 2295 C.Accius
1096 2250 1338 2306 Canterus)
1363 2248 1428 2293 Cf.
1453 2247 1560 2292 hist.
1578 2249 1697 2304 trag.
1717 2251 1814 2291 528.

258 2336 319 2379 ad
357 2336 650 2394 Hellesponti
692 2337 896 2381 claustra
934 2337 1137 2396 Scaliyer
1258 2338 1439 2383 Conieci
1478 2334 1621 2388 Quasi
1657 2335 1816 2380 Helles

139 2396 337 2450 pontum
367 2394 572 2439 claustra
603 2396 766 2440 dicunt
795 2395 1031 2440 maritima

904 2506 1045 2554 LVII

141 2588 365 2641 Tantalo
397 2589 712 2659 prognatUS,
741 2588 938 2659 Pelope
969 2591 1148 2659 natuS,
1181 2589 1273 2658 qui
1305 2588 1572 2657 quondam
1603 2589 1634 2640 a
1663 2606 1815 2641 socro

142 2675 412 2730 Oenomao
452 2696 576 2748 rege
615 2676 1039 2746 Hippodameam
1078 2677 1245 2746 raptis
1282 2679 1532 2729 nanctust
1569 2677 1795 2746 nuptiis-

260 2777 416 2822 Cicero
449 2778 581 2821 Tusc.
616 2777 733 2834 disp.
765 2778 830 2822 ΙΠ
855 2784 924 2835 12,
950 2784 1005 2822 26
1041 2774 1407 2834 ‘aegritudinem
1432 2812 1440 2820 .
1462 2813 1470 2821 .
1493 2813 1501 2821 .
1528 2776 1815 2833 depellamus

142 2869 152 2878 .
182 2871 190 2878 .
223 2836 409 2891 .qualis
458 2836 582 2880 enim
626 2836 716 2879 tibi
760 2837 842 2881 ille
887 2837 1074 2881 uidetur
1119 2834 1389 2879 Tantalo’
1425 2849 1462 2879 e.
1496 2850 1539 2891 q.
1574 2850 1606 2880 s.
1673 2835 1815 2880 ‘Iouis

140 2893 231 2937 iste
270 2894 458 2949 quidem
495 2909 736 2952 pronepos
798 2898 956 2939 tamne
996 2909 1104 2952 ergo
1146 2893 1355 2938 abiectus
1391 2897 1579 2949 tamque
1610 2894 1816 2940 fractus?

234 2976 364 3010 scaen.
388 2987 489 3016 poes.
513 2978 619 3010 Rom.
644 2978 778 3019 fragm.
803 2979 860 3012 ed.
884 2978 1077 3010 Ruumcx.
1498 2972 1552 3012 19
