2020 3140
394 100 475 144 Ex
505 100 783 145 INCERTIS
814 99 1213 166 moERTORVM
1242 76 1496 154 FABVLIS
1676 103 1781 156 287

219 233 312 277 nisi
353 234 391 277 si
423 235 628 279 Ambros.
661 235 823 279 Bamb.
855 236 1025 291 suppl„
1065 241 1117 279 ut
1147 236 1261 280 coni.
1296 235 1612 301 Spaldinyius
1622 235 1716 279 nisi
1747 253 1782 292 φ

191 292 303 348 quia
334 294 520 338 Monac.
554 293 819 351 Aryentor.
891 293 1032 338 lintre
1062 295 1130 339 vel
1160 293 1269 338 inde
1301 293 1454 338 euasit
1484 294 1785 353 Spaldmyius

99 351 351 396 interuasit
380 370 430 409 ω,
461 358 613 397 tuetwr
636 353 739 397 Bue
763 354 837 409 (ef.
861 355 1010 398 coroll.
1035 353 1174 410 LXV)
1207 356 1306 397 arte
1339 353 1492 398 euasit
1524 355 1632 399 libri
1658 355 1783 399 Bwr-

99 426 268 456 nmmo
297 389 447 457 notat'i
475 414 576 455 rate
609 411 763 455 euasit
792 413 881 456 aziz·
998 411 1183 455 Lartius
1217 413 1444 469 Ambo-oa,
1485 413 1784 471 Spaldinyius

100 470 263 514 lertius
311 470 522 527 (laertius
565 470 769 516 Ambros.
801 486 858 515 m.
892 473 937 527 2)
975 472 1070 515 rell.
1117 471 1300 515 Lertius
1346 473 1544 517 nominis
1587 474 1662 528 foo
1663 488 1784 517 mam

11 543 13 545 ·
98 535 250 575 tuetwr
282 530 598 575 Fleckeise‘nus

836 603 1048 650 XLVIII

102 686 186 756 [Ὀ
224 706 416 756 parens
454 687 677 756 antiqua
714 689 926 739 nostrae
964 687 1157 758 gentiS,
1195 686 1463 758 Argiuum
1503 688 1660 740 decus
1671 690 1704 756 1]

217 788 289 832 Fr.
315 788 428 833 Bob.
456 788 513 832 de
536 801 652 832 vers.
679 786 805 832 CGL.
830 788 895 832 VI
919 792 1002 831 622
1026 787 1080 832 Κ.
1118 789 1466 832 ‘tetrametrum
1492 788 1782 833 trochaicum

195 846 446 904 tragicum,
486 847 611 903 quod
639 846 795 903 plures
828 846 1048 904 spondios
1078 847 1274 893 habeat:
1319 861 1344 891 0
1375 849 1560 904 parens’
1598 862 1634 893 e.
1669 863 1710 904 q.
1746 863 1779 893 s,

102 906 358 951 Confictum
404 920 432 950 a
468 906 585 949 Iuba
629 906 821 950 metrico
869 919 968 950 esse
1005 906 1224 963 probavit
1262 907 1415 952 Herm.
1448 907 1663 951 Wentzel
1705 908 1780 951 ‘de

98 966 216 1013 Iuba
245 966 395 1010 metr.’
429 965 479 1009 in
509 980 661 1022 progr.
697 965 859 1023 Oppol.
895 970 1006 1012 1881
1039 980 1083 1022 p.
1111 971 1179 1010 14.

857 1090 1016 1137 XLIX

838 1181 1039 1234 Teucer

630 1271 806 1339 patria
845 1274 946 1341 est,
983 1270 1307 1339 ubicumque
1347 1272 1428 1323 est
1465 1270 1612 1323 bene.

218 1370 376 1415 Cicero
408 1371 542 1416 Tusc.
576 1370 693 1428 disp.
726 1371 768 1415 V
793 1376 870 1427 37,
898 1376 980 1414 108
1026 1370 1212 1426 ‘itaque
1249 1371 1310 1414 ad
1342 1385 1524 1415 omnem
1554 1371 1783 1416 rationem

101 1429 302 1474 Teucri
333 1444 441 1474 uox
473 1430 815 1474 accommodari
843 1432 1022 1487 potest:
1053 1430 1270 1487 patria’
1307 1445 1343 1474 e.
1378 1445 1420 1486 q.
1455 1446 1488 1474 s.
1550 1431 1781 1475 Publilius

102 1489 241 1545 Syrus
275 1495 373 1535 545.
409 1495 492 1533 685
517 1490 571 1534 R.
633 1489 827 1534 Pacuvii
858 1490 1035 1533 Teucro
1067 1489 1272 1533 tribuere
1303 1503 1439 1533 nemo
1472 1490 1671 1534 dubitat.

917 1615 958 1662 L

100 1698 292 1750 Hicine
333 1701 413 1750 est
451 1699 542 1750 ille
581 1698 822 1768 Telamo,
864 1699 1022 1751 modo
1063 1717 1221 1767 quem
1260 1698 1434 1768 gloria
1473 1698 1538 1749 ad
1577 1698 1782 1750 caelum

1160 1787 1375 1858 extulit,

102 1874 271 1938 Quem
317 1876 683 1946 aspectabant,
731 1876 882 1928 cuius
921 1877 990 1929 ob
1031 1895 1089 1929 os
1131 1875 1257 1928 Grai
1297 1877 1390 1928 ora
1428 1875 1782 1928 obuertebant

1160 1964 1290 2016 sua?
1767 1957 1774 1963 ’

785 2038 815 2071 a<
926 2075 957 2108 ᾖς
1070 2037 1101 2070 ae

717 2127 878 2178 simul
916 2127 1124 2178 animus
1165 2144 1285 2178 cum
1323 2144 1379 2177 re
1419 2125 1663 2177 concidit.
1734 2125 1837 2180 “95

219 2225 375 2269 Cicero
411 2226 544 2270 Tusc.
586 2226 703 2283 disp.
736 2228 800 2270 ΠΙ
826 2231 901 2282 18,
927 2232 981 2270 39
1035 2225 1173 2281 ‘quid
1220 2232 1359 2282 ergo?
1406 2224 1604 2268 huiusne
1650 2223 1778 2268 uitae

96 2279 353 2340 propositio
379 2286 427 2327 et
451 2284 677 2341 cogitatio
702 2289 785 2329 aut
808 2286 1060 2341 Thyestem
1083 2285 1240 2328 leuare
1264 2283 1438 2340 poterit
1462 2286 1544 2326 aut
1567 2284 1777 2340 Aeetam,

100 2344 156 2386 de
196 2357 287 2398 quo
324 2343 466 2399 paulo
507 2346 615 2387 ante
647 2343 784 2400 dixi,
807 2347 889 2388 aut
919 2344 1276 2410 Telamonem
1305 2343 1529 2399 pulsum
1558 2342 1776 2399 patria,

99 2403 421 2445 exulantem
453 2404 621 2458 atque
654 2406 931 2460 egentem,
972 2402 1022 2445 in
1054 2417 1145 2458 quo
1178 2403 1294 2445 haec
1326 2400 1576 2445 admiratio
1609 2402 1774 2447 fiebat:

100 2461 289 2504 hicine
329 2463 415 2504 est
453 2460 555 2504 ille
583 2497 649 2505 ...
677 2462 1060 2506 obuertebant
1099 2468 1227 2505 sua?
1271 2460 1438 2516 quodsi
1479 2459 1575 2517 cui,
1616 2463 1669 2504 ut
1709 2461 1778 2505 ait

99 2520 244 2575 idem,
293 2520 458 2563 simul
507 2520 724 2564 animus
773 2535 892 2564 cum
930 2534 986 2564 re
1027 2519 1304 2575 concidit,
1353 2533 1381 2562 a
1418 2518 1642 2575 grauibus
1680 2519 1775 2563 illis

103 2579 307 2635 antiquis
354 2579 645 2635 philosophis
690 2580 894 2636 petenda
938 2578 1171 2622 medicina
1210 2580 1303 2633 est,
1348 2592 1442 2621 non
1481 2578 1540 2621 ab
1582 2578 1656 2622 his
1695 2593 1776 2623 uo-

100 2638 347 2694 luptariis?
411 2639 539 2681 Idem
572 2639 632 2681 ad
662 2638 772 2682 fam.
796 2638 860 2681 IX
886 2639 989 2681 26ε
1000 2637 1050 2680 111
1081 2651 1135 2681 eo
1167 2614 1324 2694 igitui,
1356 2636 1525 2693 inquis,
1554 2636 1775 2682 conuiuio

101 2696 258 2741 Cicero
290 2697 370 2741 ille
404 2699 524 2756 [2]‘.>’
591 2697 815 2753 Eurysaci
845 2696 976 2740 Accii
1009 2696 1247 2753 adscripsi.
1795 2713 1800 2717 ’

219 2790 241 2828 1
275 2784 429 2828 hicine
454 2787 602 2830 Brute.
636 2787 706 2843 (de
735 2799 946 2829 men-ewra
975 2787 1076 2830 vide
1100 2785 1458 2830 Studemwndwm
1488 2799 1596 2828 awn.
1616 2786 1774 2840 philol.

6 2857 11 2866 ³
101 2822 215 2891 1876
239 2859 287 2899 10.
316 2849 370 2888 70
408 2851 449 2888 et
478 2846 570 2890 Jos.
604 2846 735 2889 Bach
773 2846 824 2888 in
854 2844 1157 2889 Studemzmdz'
1185 2845 1350 2887 studiis
1379 2842 1421 2885 II
1446 2847 1548 2899 295)
1580 2842 1774 2887 haecine

99 2903 208 2959 Ii'ey.
229 2903 369 2957 ,GucL
415 2905 536 2948 Pith.
672 2903 863 2947 Telamo
903 2905 1042 2948 Ber-n.
1091 2902 1315 2946 Telamon
1352 2912 1411 2958 ψ,
1460 2905 1578 2958 quod
1624 2908 1778 2947 tuetwr
