2020 3140
429 124 512 169 EX
540 123 817 168 INCERTIS
848 123 1250 171 INOERTORVM
1277 123 1532 168 FABVLIS
1714 125 1822 178 313

203 259 303 303 Ter.
337 258 519 302 Phorm.
548 262 653 303 135:
702 293 860 302 .....
904 257 1182 302 factumst
1211 259 1503 301 uentumst
1531 256 1826 302 uincimur.

142 316 384 432 ffiasggffi
408 316 868 374 paratragoediantis
894 315 1107 374 exempla
1130 315 1323 374 collegit
1344 316 1439 360 Leo
1462 316 1614 361 Plaut.
1639 316 1826 360 Forsch.

268 479 354 509 nec
385 466 582 510 Bothius
613 467 661 509 et
691 483 726 509 ω

891 529 1090 578 CXXIX

1032 614 1229 685 gradus
1268 614 1526 667 eliminat.

263 715 580 770 Quintilianus
611 715 718 759 VIII
749 720 798 771 3,
823 720 879 758 31
930 714 1103 758 nostri
1151 716 1235 758 aut
1280 714 1331 757 in
1372 714 1610 772 iungendo
1658 717 1742 758 aut
1778 714 1829 758 111

144 775 401 820 deriuando
442 775 636 841 paulum
665 752 856 840 ‘aliquid
894 773 998 818 ausi
1035 773 1116 817 uix
1152 773 1203 817 in
1241 773 1330 817 hoc
1370 773 1486 818 satis
1525 773 1827 830 recipiuntur.

141 850 253 879 nam
290 834 483 879 11181111111
518 832 701 877 1111181118
740 833 995 878 admodum
1031 833 1185 877 inter
1222 832 1592 890 Pomponium
1630 847 1693 877 ac
1734 832 1828 877 Se-

141 908 337 938 necam
367 893 545 938 etiam
573 891 1040 949 praefationibus
1073 905 1196 936 esse
1227 894 1564 949 tractatum,
1597 906 1668 936 an
1697 907 1829 950 gra-

144 954 245 997 dus
269 951 569 998 eliminat'
555 966 612 996 ln
636 951 944 1010 tragoedia
968 950 1063 995 dici
1080 951 1397 1008 oportuisset.'
1432 951 1831 996 Cf.00r011.LX1V

142 1013 346 1071 (Strauss
379 1012 409 1057 l.
441 1012 472 1056 1.
507 1014 580 1068 19)

899 1076 1073 1125 CXXX

142 1148 248 1201 Pro
288 1147 551 1217 Iuppiter!
1833 1160 1919 1199 230

260 1249 473 1293 Donatus
503 1247 554 1290 in
584 1247 686 1292 Ter.
717 1247 916 1304 Adelph.
945 1247 967 1290 I
991 1252 1039 1304 2,
1065 1253 1118 1291 31
1153 1247 1227 1306 (cf.
1262 1248 1324 1291 ad
1354 1248 1397 1290 Π
1424 1254 1470 1303 1,
1495 1251 1568 1290 43.
1599 1246 1664 1290 IV
1688 1252 1728 1303 7,
1758 1248 1830 1304 13)

147 1310 270 1366 ‘pro
300 1307 563 1365 Iuppiter
591 1306 776 1364 tragica
806 1306 1120 1352 exclamatio.’
1185 1306 1252 1353 Cf.
1285 1306 1424 1350 Ennii
1454 1322 1497 1351 v.
1524 1311 1624 1351 335.

892 1417 1093 1466 CXXXI

145 1488 299 1541 mehe

264 1588 581 1642 Quintilianus
612 1588 634 1631 I
665 1592 713 1644 5,
745 1593 800 1631 21
853 1588 1149 1645 ‘parcissime
1196 1589 1276 1632 ea'
1321 1588 1381 1645 (H
1410 1587 1590 1644 littera)
1624 1588 1831 1631 ‘ueteres

144 1648 219 1692 usi
245 1685 253 1693 .
275 1684 312 1692 ..
340 1647 495 1705 erupit
524 1646 659 1691 breui
688 1649 897 1704 tempore
927 1647 1099 1691 nimius
1131 1662 1241 1691 usus
1362 1661 1456 1702 qua
1488 1647 1544 1690 de
1575 1659 1625 1690 re
1657 1645 1833 1691 Catulli

144 1707 304 1752 nobile
343 1706 632 1764 epigramma
673 1709 757 1750 est.
820 1706 931 1750 inde
970 1706 1109 1750 durat
1148 1707 1209 1750 ad
1239 1721 1324 1751 nos
1355 1720 1502 1761 usque
1533 1705 1834 1750 uehementer

145 1769 193 1811 et
232 1766 622 1833 comprehendere
661 1768 710 1810 et
738 1765 877 1810 mihi.
915 1780 1028 1810 nam
1056 1766 1214 1809 mehe
1245 1779 1431 1821 quoque
1460 1779 1544 1822 pro
1574 1778 1650 1832 me
1682 1765 1832 1821 apud

147 1825 416 1882 antiquos
448 1824 886 1882 tragoediarum
915 1825 1223 1882 praecipue
1255 1824 1570 1881 scriptores
1594 1823 1651 1867 in
1674 1827 1832 1887 uete-

145 1884 306 1929 ribus
337 1884 506 1928 libris
539 1884 896 1929 inuenimus.’

877 1993 1103 2042 CXXXII

294 2078 658 2142 Quintilianus
689 2077 767 2131 XI
799 2080 858 2147 3,
893 2079 960 2131 73
1016 2078 1099 2129 ‘in
1153 2077 1228 2129 eis
1283 2095 1418 2146 quae
1473 2077 1538 2128 ad
1592 2095 1835 2130 scaenam

146 2170 543 2237 componuntur
588 2166 787 2218 fabulis
835 2167 1065 2218 artifices
1103 2165 1485 2234 pronuntiandi
1525 2184 1556 2216 a
1593 2164 1850 2234 personis

148 2274 361 2325 quoque
409 2255 647 2307 adfectus
692 2257 1031 2324 mutuantur,
1080 2257 1142 2305 ut
1188 2254 1258 2305 sit
1302 2252 1549 2322 Aerope
1598 2254 1662 2305 in
1707 2257 1807 2306 tra

148 2345 376 2415 goedia
436 2343 675 2412 tristis,
738 2345 924 2394 atrox
976 2341 1214 2411 Medea,
1276 2341 1596 2393 attonitus
1647 2340 1834 2412 Aiax7

145 2432 556 2485 truculentus
593 2429 939 2482 Hercules?

255 2537 470 2579 aerope
508 2523 642 2567 Bern.
683 2522 846 2566 Bamb.
888 2535 1094 2578 europe
1132 2523 1314 2566 Monac.
1359 2521 1542 2566 Niobe
1580 2523 1683 2566 edd.
1717 2524 1831 2566 vett.

146 2585 374 2640 Merope
405 2582 626 2639 Langius.
690 2581 756 2625 cf.
790 2582 969 2637 quaest.
1004 2595 1125 2625 80811.
1157 2596 1202 2637 p.
1230 2586 1329 2626 267.

865 2690 1116 2738 CXXXIII

943 2793 1041 2845 age
1080 2776 1328 2844 propera,
1367 2778 1562 2844 macte,
1600 2774 1783 2827 nitier!

265 2869 504 2914 Charisius
542 2885 586 2926 p.
615 2873 699 2912 172
724 2869 774 2912 P.
833 2867 1236 2912 ‘demonstrandi’
1286 2870 1365 2925 (sc.
1414 2866 1706 2924 adverbium)
1747 2868 1832 2910 ‘en

149 2928 272 2986 abit,
321 2942 426 2973 ecce
472 2928 604 2972 uenit
651 2926 795 2971 currit
834 2926 1035 2971 adsistit.
1098 2926 1402 2972 Hortandi:
1452 2940 1552 2983 age
1589 2939 1833 2982 propera
