2010 3146
694 83 895 129 LIVIVS
926 82 1316 128 ANDRONICVS
1810 82 1844 134 5

238 219 531 288 praemisso
570 220 735 273 heroo
774 219 1054 290 subiungit
1090 237 1320 287 namque
1359 218 1600 289 miuron,

237 307 499 376 hymnum
539 309 750 378 quando
790 307 982 361 chorus
1021 308 1158 360 festo
1199 307 1342 359 canit
1381 325 1472 359 ore
1511 306 1738 360 Triuiae.

242 395 257 422 ί
265 399 346 448 set
383 397 492 449 iam
532 414 800 466 purpureo
840 414 990 448 suras
1030 396 1241 448 include
1281 395 1543 448 cothurno
1552 438 1566 465 ,

239 484 449 537 balteus
489 489 543 537 et
581 487 797 538 reuocet
834 484 1079 536 uolucres
1118 483 1173 535 in
1211 486 1426 552 pectore
1466 484 1635 554 sium,

236 591 523 642 pressaque
562 573 670 625 iam
708 572 932 643 grauida
971 571 1234 640 crepitent
1264 570 1366 624 tibi
1398 574 1550 642 terga
1584 571 1848 640 pharetra.

237 662 416 733 derige
460 662 805 730 odorisequos
844 662 910 713 ad
949 664 1093 714 certa
1133 661 1332 713 cubilia
1370 660 1554 713 canes,²

283 763 349 807 Cf.
398 762 575 807 Marius
615 761 885 806 Victorinus
930 762 1015 806 GL
1053 762 1119 807 VI
1156 778 1199 819 p.
1227 767 1282 806 68
1300 762 1354 807 Κ.
1421 764 1492 806 ‘at
1538 776 1643 806 cum
1687 761 1848 805 Liuius

162 821 457 866 Andronicus
498 820 756 878 praemisso
795 821 1066 865 hexametro
1106 820 1376 865 huiusmodi
1410 821 1658 865 subnectat
1687 834 1848 865 uersus

162 894 246 938 per
284 880 495 925 ordinem
534 880 691 924 iambo
731 880 1030 936 terminatos,
1069 894 1242 924 nouam
1279 880 1437 937 potius
1473 881 1594 924 hanc
1627 879 1845 937 speciem'

164 954 203 985 e.
236 954 279 995 q.
314 955 348 985 s,
394 941 548 983 ‘nam
585 939 644 982 in
682 939 884 996 hymno
917 939 1134 983 Dianae
1174 940 1300 996 apud
1339 939 1538 984 eundem
1566 939 1637 983 ita
1666 938 1848 983 inueni-

163 1001 305 1042 untur
343 998 402 1042 in
440 998 644 1042 fabula
684 999 877 1044 Inone:
919 999 1001 1042 sed
1039 998 1159 1042 iam’
1196 1013 1232 1044 e.
1259 1014 1302 1055 q.
1331 1014 1364 1044 s,
1434 999 1549 1055 (sed
1578 998 1847 1043 Victorinus

166 1060 221 1101 et
252 1057 591 1110 Terentianus).
648 1057 1018 1102 Transformavit
1048 1058 1218 1102 veteris
1249 1060 1418 1115 poetae
1445 1071 1605 1102 versus
1633 1057 1684 1101 in
1715 1072 1848 1101 suum

164 1131 301 1160 usum
332 1116 525 1161 Caesius
557 1116 755 1162 Bassus:
796 1116 853 1161 cf.
886 1116 1140 1161 Hermanni
1178 1117 1286 1174 epit.
1322 1118 1364 1161 d.
1396 1133 1456 1162 m.
1492 1117 1613 1171 127²,
1652 1116 1849 1173 Hauptii

166 1175 347 1221 observ.
391 1175 491 1219 crit.
526 1191 571 1232 p.
605 1181 676 1221 43.
739 1175 950 1220 Laevio
997 1175 1166 1220 tribuit
1205 1176 1434 1233 Scaliger:
1484 1176 1539 1222 cf.
1586 1190 1692 1220 mea
1737 1175 1847 1220 hist.

163 1237 283 1292 trag.
317 1235 448 1279 Rom.
482 1250 526 1292 p.
554 1239 610 1278 34
635 1235 742 1279 adn.

632 1360 721 1407 EX
758 1359 1067 1408 INCERTIS
1106 1361 1389 1409 FABVLIS

990 1449 1014 1495 I

164 1523 378 1577 Florem
417 1524 737 1576 anculabant
775 1524 959 1578 Lssoeri
998 1543 1063 1577 ex
1101 1525 1396 1578 carchesiis.
1876 1543 1933 1582 30

280 1618 418 1662 Pauli
470 1618 634 1662 Festus
686 1633 730 1675 p.
776 1623 828 1661 11
876 1618 936 1664 M.
1027 1619 1287 1663 ‘anelare
1345 1619 1531 1663 haurire
1586 1633 1615 1663 a
1670 1619 1846 1664 Graeco

165 1677 441 1721 descendit.'

282 1757 571 1801 anculabant
602 1758 803 1817 Scaliyer
834 1758 1089 1803 anelabant
1120 1777 1154 1803 ω

977 1870 1028 1916 Π

162 1987 172 1996 .
200 1987 210 1996 .
244 1944 335 1996 sed
375 1944 467 2012 qui
507 1947 632 1996 sunt
668 1944 749 2014 ln',
790 1945 882 2014 qui
923 1946 1212 1998 ascendunt
1251 1947 1420 1998 altum
1460 1946 1663 2000 ocrim?

280 2037 425 2081 H—V
455 2037 620 2081 Festus
651 2052 696 2094 p.
723 2042 806 2082 181
832 2038 893 2083 Μ.
932 2039 1144 2083 ‘ocrem
1176 2039 1373 2096 antiqui,
1408 2042 1463 2083 ut
1491 2039 1655 2083 Ateius
1686 2040 1844 2084 Philo-

161 2096 296 2153 logus
344 2096 394 2139 in
441 2096 562 2140 libro
611 2096 1011 2141 Glossematorum
1054 2099 1217 2155 refert,
1264 2100 1472 2142 montem
1518 2099 1844 2156 confragosum

159 2155 418 2211 uocabant,
451 2158 506 2199 ut
537 2157 653 2212 aput
681 2155 869 2200 Liuium
901 2157 982 2215 [ΙΙ]
1014 2159 1062 2201 et
1093 2158 1188 2216 [III.
1222 2158 1306 2216 IV]
1339 2160 1386 2202 et
1418 2158 1533 2217 [V].’

278 2231 509 2274 senarium
540 2231 605 2274 sic
635 2230 835 2286 expleas:
870 2230 951 2273 sed
983 2230 1063 2286 qui
1096 2233 1203 2275 sunt
1233 2231 1351 2288 hice,
1384 2230 1487 2287 quis
1521 2246 1559 2276 a.
1587 2246 1627 2276 a.
1655 2239 1727 2278 0.?

967 2341 1044 2387 ῙΠ

783 2416 1055 2485 celsosque
1094 2418 1221 2486 <in>
1260 2418 1397 2470 ocris

236 2546 246 2554 .
274 2546 282 2554 .
310 2546 319 2555 .
353 2501 605 2572 Aruaque
643 2504 822 2573 putria
861 2508 914 2557 et
950 2523 1095 2557 mare
1134 2507 1402 2576 magnum.

964 2620 1036 2666 IV

272 2735 318 2745 ..
351 2712 581 2763 namque
621 2695 844 2747 Taenari
885 2696 1051 2749 celsos
1092 2697 1228 2749 ocris

972 2811 1018 2856 V

159 2882 308 2936 Haut
345 2887 406 2936 ut
447 2903 604 2953 quem
646 2885 806 2939 Chiro
846 2887 902 2939 in
940 2887 1090 2940 Pelio
1131 2888 1311 2940 docuit
1350 2889 1474 2941 ocri.
1867 2909 1922 2948 35
