1980 3146
807 148 856 193 L.
889 147 1097 193 Accrvs
1689 144 1792 203 197

917 289 996 337 III

118 379 271 450 Quoi,
310 381 355 432 si
386 380 511 433 hl'nc
542 381 847 450 superescit,
887 379 1135 450 Spartam
1168 383 1328 450 atque
1358 379 1612 450 Amyclas
1643 380 1795 433 {arado

1174 469 1360 541 (ego).

236 578 400 622 Festus
423 594 468 635 p.
494 583 578 622 302
603 579 664 624 M.
701 576 1047 634 ‘superescit
1075 577 1309 634 significat
1333 577 1572 634 supereriia‚
1618 576 1797 620 Ennius

121 663 176 669 —
210 640 258 681 et
287 638 428 682 Acer
458 637 507 680 in
538 636 816 694 Chrysippo:
849 636 955 692 qui’
991 650 1028 681 e.
1061 651 1103 692 q.
1138 651 1171 680 s.
1235 637 1455 693 (Accius
1486 636 1699 693 Vrsinus)

236 733 349 788 quin
379 733 488 777 hinc
519 734 612 778 cod.
646 732 759 788 quin
799 731 838 775 si
870 733 1072 778 Vrsinus.
1129 733 1281 778 Potest
1310 735 1378 777 vel
1408 732 1486 788 qui
1521 732 1561 776 si
1590 731 1700 776 huic
1730 732 1800 777 vel

118 792 198 847 qui
230 792 361 836 illinc
392 793 539 837 conici
626 791 845 849 Amyclas
876 793 1011 850 vulyo
1041 791 1259 848 Amycias
1291 794 1385 836 cod.
1487 793 1672 837 Verswm
1702 793 1796 835 tra-

119 851 228 895 dibo
260 853 452 908 explebit
483 852 544 896 ad
573 852 745 906 formae
775 850 971 894 reddibo
1003 852 1349 896 similitudinem
1378 852 1564 906 factum.
1635 852 1798 896 Veram

116 913 315 955 nominis
345 910 563 967 Amyclas
588 911 854 967 prosodiam
885 912 1037 956 docuit
1066 910 1341 955 Ritschelius
1371 924 1520 967 opusc.
1544 910 1588 953 Π
1611 914 1696 954 503

922 1063 996 1111 IV

118 1155 311 1208 Melias
348 1156 586 1227 pigrasse
627 1157 786 1225 quam
827 1156 1204 1226 deproperasse
1244 1157 1324 1208 est
1361 1156 1525 1209 nefas

235 1265 352 1309 Non.
381 1269 479 1321 154,
507 1269 530 1308 1
567 1264 845 1322 ‘pigrare‚
876 1264 1088 1309 retinere.
1150 1265 1319 1308 Accius
1350 1263 1594 1321 Erigonis.
1617 1265 1800 1310 ..idem

118 1323 374 1380 Chrysippo
401 1361 409 1368 .
431 1360 439 1368 .
460 1325 488 1369 .’

235 1420 435 1475 quamde
473 1421 670 1465 Bothius
775 1420 1106 1477 deproperasse
1144 1422 1318 1478 scripsi.
1384 1421 1610 1479 Fiyuram
1646 1422 1801 1478 perdit
1852 1448 1865 1462 .

116 1478 436 1535 properavisse
469 1481 588 1537 quod
612 1481 770 1536 posuit
804 1479 975 1524 O‘nions
1776 1494 1780 1499 ·

935 1635 982 1681 V

119 1725 257 1789 Quid
289 1727 481 1797 agam?
512 1745 620 1779 uox
651 1726 835 1779 iniust.
864 1757 932 1764 -
960 1725 1113 1780 Certe
1144 1728 1285 1781 idem
1311 1745 1493 1780 omnes
1519 1727 1798 1781 cernimus.

237 1833 355 1878 Non.
391 1839 491 1890 261,
519 1839 573 1878 10
608 1835 885 1892 ‘cm-nere,
918 1835 1115 1879 audire.’

236 1930 459 1974 Personas
483 1932 697 1976 distinxit
718 1932 916 1976 Bothius
1003 1931 1155 1976 iniust
1178 1933 1452 1977 Bitschelius
1474 1945 1623 1988 opusc.
1647 1931 1690 1974 H
1711 1934 1796 1974 683

117 1987 244 2031 illius
277 1988 388 2045 (illis
420 1989 575 2034 Vrbin.
602 1991 704 2047 308)
737 1992 809 2034 est
840 2008 874 2034 ω

510 2128 993 2178 GLVTEMESTRA
1054 2131 1180 2179 Vide
1219 2148 1267 2193 p.
1303 2133 1403 2179 161

553 2261 932 2310 DEIPHOBVS
996 2263 1122 2311 Vide
1161 2280 1210 2326 p.
1246 2264 1347 2310 176

784 2409 1126 2458 DIOMEDES

944 2507 970 2560 I

824 2604 961 2656 ferre
1000 2603 1394 2656 exanclauimus

118 2690 353 2758 Tyranni
393 2710 607 2744 saeuom
647 2692 920 2763 ingenium
960 2695 1118 2761 atque
1158 2691 1465 2744 execrabile.
1796 2704 1882 2743 270

236 2799 354 2844 Non.
381 2805 480 2856 292,
509 2806 562 2844 10
598 2799 926 2844 ‘exanclare
959 2799 1102 2843 etiam
1134 2799 1368 2857 significat
1397 2799 1579 2856 perpeti
1604 2800 1691 2845 ...⁹

239 2900 261 2936 1
288 2894 382 2938 fere
407 2913 440 2938 ω
465 2894 551 2939 feri
579 2895 849 2940 Gulielmius
939 2901 964 2939 2
991 2909 1182 2939 saeuum
1206 2897 1303 2941 edd.
1333 2910 1460 2940 seum
1484 2914 1518 2940 ω
1610 2909 1793 2939 execra-

118 2951 212 2994 bile
244 2954 308 2996 ed.
337 2968 411 3009 pr.
445 2954 751 2998 execrabilem
783 2971 816 2998 ω
