1980 3146
149 95 259 146 274
288 95 291 97 ’
435 95 517 139 EX
548 95 823 141 INCERTIS
854 97 1252 143 INCERTORVM
1282 100 1533 144 FABVLIS

148 227 375 272 iecturam
404 229 566 273 Leidd.
599 229 699 273 AB
709 230 771 273 Η.
798 226 1115 273 coniecturum
1146 223 1248 276 Eossz.
1282 233 1432 277 Vinaza
1449 232 1759 277 coniectorem
1789 251 1824 290 φ

184 309 190 314 -
241 292 264 330 7
297 287 483 331 doceret
515 289 648 332 Vimz.
749 288 963 333 obsecras
994 289 1124 334 Leid.
1157 291 1203 334 A
1232 306 1288 335 m.
1316 296 1338 334 1
1433 291 1695 348 apollonem
1719 292 1822 337 Erl.

149 346 403 402 apollinem
434 363 469 402 φ
561 350 588 389 8
621 346 902 391 somniorum
933 348 1035 393 Erl.
1159 354 1184 392 9
1215 348 1298 393 ubi
1329 350 1458 395 Leid.
1491 351 1537 394 B
1570 350 1661 395 sibi
1690 352 1822 396 Laid.

149 407 206 450 H
231 421 285 449 m.
314 411 336 448 1
372 405 421 448 ib
454 405 584 450 Leid.
610 407 655 449 A
679 421 734 450 m.
765 414 784 450 1
878 420 1042 451 uocem
1073 406 1283 452 diuinam
1313 423 1368 453 ea:
1398 409 1581 454 Eziensi
1604 411 1829 456 Davisius
1915 445 1917 447 .

239 469 289 507 11
322 463 517 521 postilla
547 467 765 523 comumyi
793 467 926 510 iussit
956 467 1232 512 Ritsclaelius
1349 469 1631 524 temperaret
1660 469 1826 513 tollere
1867 482 1884 511 'v

148 525 241 568 cod.
276 524 436 579 Vossii‚
469 524 601 568 Vind.
634 539 690 569 m.
717 539 807 581 pr„
838 539 921 569 om.
953 527 1048 570 cod,
1077 526 1120 571 S.
1155 527 1348 572 Victoris
1377 529 1629 584 temptaret
1659 528 1826 572 tollere

149 583 277 627 Leessd.
311 583 365 627 H
393 583 544 628 Palat.
579 585 604 628 b
636 584 738 628 Erl.
770 586 982 640 tempora
1013 585 1236 629 extollere
1270 587 1402 631 Vind.
1435 602 1490 630 m.
1523 588 1601 631 alt.
1687 592 1690 594 ’

936 697 1021 758 ’Ἦ

61 830 63 832 -
93 856 99 860 ¹
149 790 335 844 Omnis
373 780 610 861 aequalis
646 792 898 845 uincebat
937 794 1294 863 quinquertio

265 893 429 936 Festus
452 909 496 950 p.
524 898 606 937 257
632 894 693 937 M.
713 893 1185 950 -‘quinquertium
1207 884 1443 939 uocabant
1467 895 1664 951 antiqui,
1689 910 1829 951 quem

81 995 84 999 ,
151 951 314 995 Graeci
363 950 652 1008 πένταθλον,
705 955 759 996 uf,
803 953 983 997 indicat
1029 967 1189 997 uersus
1236 953 1332 999 hic:
1388 954 1591 998 omnis’
1643 968 1679 998 e.
1714 970 1756 1010 q.
1791 970 1827 998 s.

62 2186 116 2225 21

151 1010 335 1054 ‘Liuius
367 1025 551 1067 quoque
581 1011 708 1068 ipsos
740 1012 944 1056 athletas
977 1013 1043 1057 sic
1066 1014 1309 1057 nominat?
1354 1012 1419 1057 Cf.
1444 1013 1552 1057 hist.
1578 1016 1696 1070 trag.
1724 1018 1826 1058 609.

934 1138 1032 1184 VII

149 1219 192 1272 O
218 1221 397 1272 sancte
413 1219 626 1290 Apollo,
651 1221 743 1289 qui
766 1221 1083 1273 umbilicum
1103 1223 1307 1274 certum
1325 1226 1588 1275 terrarum
1605 1224 1829 1293 optineS,

145 1306 317 1361 'Vnde
355 1310 724 1377 superstitiosa
760 1310 994 1378 primum
1034 1312 1191 1362 saeua
1230 1311 1399 1363 euasit
1437 1313 1563 1364 uox·
1584 1312 1748 1365 foras!
1831 1326 1833 1328 ’

266 1409 423 1454 Cicero
456 1410 513 1453 de
546 1409 637 1454 div.
670 1411 713 1453 11
737 1416 814 1464 56,
842 1415 923 1454 115
967 1412 1042 1454 ‘at
1079 1410 1217 1454 multi
1249 1394 1386 1468 saepe
1417 1426 1530 1456 uera
1559 1401 1825 1468 uaticinati,

147 1471 200 1511 ut
223 1468 503 1514 Cassandra:
534 1468 721 1525 iamque
744 1469 864 1513 mari
886 1484 1071 1527 magno,
1101 1470 1354 1526 eademque
1377 1471 1519 1527 paulo
1542 1474 1670 1528 post:
1706 1472 1823 1515 eheu
1902 1507 1905 1509 .

145 1527 303 1571 uidete
329 1564 454 1572 .....
482 1529 564 1572 sed
605 1528 701 1572 iam
744 1529 804 1572 ad
841 1531 889 1572 te
928 1529 1087 1585 uenio,
1136 1533 1331 1574 sancte
1369 1530 1600 1587 Apollo’
1638 1545 1675 1574 e.
1710 1545 1752 1586 q.
1787 1546 1821 1575 s,

145 1587 292 1631 Varro
325 1588 382 1630 de
413 1587 443 1631 1.
476 1588 505 1632 1.
538 1588 625 1631 VII
650 1593 703 1631 17
728 1589 788 1632 Μ.
833 1589 884 1632 ‘o
918 1590 1112 1632 sancte
1235 1589 1474 1634 obtines.
1537 1589 1823 1634 Vmbilicum

147 1645 323 1689 dictum
345 1662 348 1664 “
367 1646 500 1690 aiunt
543 1647 600 1690 ab
640 1646 862 1691 umbilico
901 1650 1081 1703 nostro,
1129 1649 1254 1703 quod
1292 1648 1332 1691 is
1370 1648 1551 1692 medius
1590 1649 1721 1692 locus
1762 1648 1824 1692 sib

146 1707 390 1760 terrarum,
431 1708 483 1749 ut
514 1706 842 1750 umbilicus·in
873 1707 1029 1751 nobis:
1077 1707 1203 1762 quod
1234 1710 1481 1763 utrumque
1513 1711 1585 1751 est
1615 1708 1821 1752 falsum.’

146 1764 350 1809 Dubium
380 1765 460 1809 vix
491 1767 563 1808 est
594 1765 707 1820 quin
737 1765 952 1809 Enniana
983 1766 1098 1809 haec
1131 1766 1237 1810 sint.

266 1859 288 1897 1
317 1868 343 1897 o
370 1855 594 1899 Ciceronis
616 1860 658 1898 et
683 1855 903 1899 Varronis
925 1872 975 1909 ω,
1000 1856 1082 1899 del.
1105 1855 1329 1900 Gruterus
1415 1855 1598 1899 obtines
1624 1854 1824 1911 (optines

149 1913 293 1970 Flor.)
326 1915 469 1958 Varro
500 1921 542 1958 et
566 1913 792 1969 Ciceronis
818 1915 966 1958 Vrsin.
1002 1913 1186 1958 obsides
1212 1931 1246 1971 φ
1341 1919 1366 1957 2
1398 1914 1522 1958 unde
1545 1914 1662 1958 haec
1687 1915 1826 1958 Lam-

148 1974 281 2017 binus
369 1972 494 2016 foras
531 1974 754 2017 Gruterus
784 1972 883 2016 fera
915 1991 948 2016 ω
1805 1973 1816 1983 ”

951 2084 1022 2130 IX
1162 2129 1164 2131 .

591 2167 834 2237 Hecuba,
871 2167 974 2220 hoc
1014 2167 1157 2219 dolet
1195 2168 1361 2236 pudet
1397 2168 1561 2238 piget.
1595 2175 1599 2179 ’

266 2267 581 2321 Quintilianus
626 2268 690 2311 IX
725 2274 772 2325 3,
811 2273 834 2311 7
841 2273 863 2311 7
923 2268 1004 2310 ‘fib
1058 2267 1202 2311 etiam
1255 2268 1452 2324 singulis
1506 2268 1688 2311 uerbis’
1745 2270 1822 2325 (sc.

148 2326 531 2383 ὁμοιοτέλευτον);
575 2326 1129 2383 ‘Hecuba...piget3
1171 2330 1237 2371 et:
1280 2327 1399 2373 abiib
1438 2327 1636 2370 excessit
1675 2326 1826 2382 erupit

148 2386 329 2429 euasit?
393 2386 609 2430 Fortasse
641 2386 928 2430 Cassandrae
966 2386 1016 2428 in
1047 2385 1186 2429 Ennii
1217 2386 1482 2430 Alexandro
1522 2386 1664 2429 verba
1703 2388 1822 2428 sunt.

146 2444 214 2487 De
238 2444 405 2501 Langii
437 2445 697 2501 suspicione
728 2445 778 2488 in
808 2445 932 2488 vind.
966 2461 1010 2501 p⁴
1035 2450 1091 2489 48
1122 2445 1308 2501 prolata
1339 2445 1538 2489 disserui
1568 2445 1618 2488 in
1645 2446 1822 2500 quaest.

149 2517 298 2548 scaen.
331 2519 375 2560 p.
401 2508 486 2547 259
509 2519 575 2559 sq.

265 2593 461 2636 Initium
489 2594 662 2636 senarii
691 2592 746 2636 H.
779 2592 868 2636 hcc
901 2593 942 2636 d.
975 2608 1018 2648 p.
1051 2608 1095 2648 p.
1123 2595 1328 2648 praefert
1360 2594 1462 2636 Bue

964 2718 1009 2763 X

152 2834 161 2843 ·
204 2841 213 2849 .
252 2799 356 2851 heu
394 2800 499 2851 heu
537 2805 710 2870 pater,
749 2801 854 2852 heli
893 2800 1118 2852 Hector!

267 2899 501 2943 Charisius
538 2916 582 2956 p.
616 2906 700 2945 216
733 2902 782 2945 Ρ.
835 2901 948 2943 ‘heu
986 2901 1098 2956 heu,
1136 2886 1295 2955 pater’
1338 2912 1375 2942 e.
1410 2912 1452 2952 q.
1487 2902 1528 2941 sy
1571 2899 1625 2940 ‘a
1666 2898 1822 2942 dolore
