1980 3146
193 91 300 144 208
888 91 937 134 L.
970 89 1179 134 ACCIVS

195 223 392 279 dietum,
433 223 492 267 ab
532 221 712 266 ambitu
751 223 799 265 et
828 221 1120 278 frangendo.’
1185 221 1436 266 Coniunxit
1465 236 1625 266 versus
1657 222 1710 265 1²
1742 223 1789 265 et
1819 221 1873 265 Ib

196 283 423 340 Scaliger,
464 281 540 325 oui
576 280 743 324 merito
774 280 974 324 fortasse
1006 280 1204 325 aceessiss
1233 281 1525 325 Hermannus
1555 281 1701 325 Elem.
1735 280 1778 325 d.
1811 295 1872 326 m.

194 358 238 399 p.
272 347 377 386 386:
409 343 570 384 tamen
599 339 747 383 malui
776 338 1151 384 testimoniorum
1180 340 1321 384 fidem
1351 354 1635 385 conservare.

315 427 340 466 2
373 421 577 465 reuisum
602 421 823 466 Varronis
848 421 977 466 onr.

196 586 505 656 Numquam
560 585 660 638 erit
704 588 817 637 tam
863 585 1114 654 inmanis,
1168 604 1288 638 eum
1333 584 1511 655 <non>
1555 587 1673 638 mea
1719 604 1879 655 opera

199 733 339 797 Quin
378 734 656 804 fragosam·
1260 674 1554 726 exbinohim
1591 674 1723 726 sciat
1731 718 1745 745 ,

315 834 434 878 Non.
470 838 575 890 111,
602 839 628 877 3
675 834 1050 891 ‘frageseere,
1091 833 1259 891 frangi.
1322 834 1490 878 Accius
1521 833 1748 891 Aegistho
1775 870 1784 880 .
1811 870 1824 879 .
1848 835 1876 878 .’

319 920 342 959 1
375 929 471 959 non
494 916 704 972 Bothius,
737 930 819 960 om.
846 933 881 959 ω
974 915 1090 959 sciet
1113 916 1360 971 Mercerus,
1384 917 1489 971 fort.
1514 921 1627 961 reete
1717 922 1741 959 2
1767 914 1881 971 quin

200 975 434 1020 Mercerus
464 976 538 1031 (cf.
571 975 739 1020 Plauti
773 975 899 1032 Gapt.
927 977 1030 1032 408)
1061 974 1226 1030 quiqui
1258 975 1361 1019 HL
1392 974 1473 1030 qui
1505 992 1539 1031 φ

1006 1085 1083 1132 ΙΠ

218 1212 228 1221 .
269 1212 278 1221 .
320 1212 329 1222 .
371 1212 381 1222 .
421 1187 520 1238 pro
562 1168 615 1221 di
652 1167 984 1222 inmortales!
1025 1169 1254 1238 speeiem
1291 1168 1580 1221 humanam
1621 1212 1631 1221 .
1673 1212 1683 1221 .
1725 1212 1735 1221 .

115 1273 199 1312 340
216 1256 555 1310 Inuisitatam
594 1258 879 1328 egregiam,
918 1258 1193 1329 indignam
1233 1257 1379 1310 clade
1418 1260 1472 1310 et
1506 1257 1881 1327 squalitudine.

319 1351 438 1396 Non.
464 1356 565 1407 225,
591 1355 647 1394 32
686 1350 947 1407 ‘squalor
976 1350 1226 1394 masculini
1257 1352 1329 1394 est
1358 1350 1554 1408 generis.
1617 1350 1879 1396 Feminini.'

321 1437 345 1475 1
379 1433 622 1477 Lacwnam
655 1434 830 1488 explere
856 1433 1005 1489 possis
1036 1433 1194 1476 addito
1224 1434 1347 1477 velut
1376 1433 1573 1476 contuor
1663 1437 1688 1475 2
1719 1431 1882 1475 inuisi-

202 1493 374 1536 ssatamz
406 1493 464 1547 cf.
489 1492 639 1536 coroll.
663 1490 765 1534 LVI
787 1490 1065 1535 inusitatam
1089 1490 1379 1548 (inusitatem
1403 1492 1462 1548 L)
1486 1508 1521 1534 ω
1549 1490 1742 1535 inuisito
1766 1491 1884 1535 Tam

203 1552 401 1595 Bothius
429 1549 626 1594 inuisita
657 1549 773 1594 Tam
803 1565 837 1595 a·
950 1550 1084 1594 clade
1115 1552 1212 1595 edd.
1246 1549 1380 1594 ciade
1412 1567 1446 1594 ω
1565 1549 1883 1606 squalitudine

203 1610 377 1654 anius
407 1608 714 1666 squaliisdine
746 1626 780 1653 ω

1010 1674 1083 1722 IV

259 1803 268 1812 .
309 1763 468 1829 atque
506 1762 568 1811 ui:
605 1759 778 1830 uideS‚
815 1739 924 1812 uon
962 1759 1110 1811 tenui
1149 1758 1214 1811 de
1252 1759 1369 1812 loco

322 1853 442 1897 Non.
475 1857 575 1908 341,
602 1858 656 1897 12
692 1852 897 1908 ‘loeus,
929 1866 1075 1909 genus
1106 1852 1334 1897 nobiliiaas
1367 1852 1610 1910 dignitas?

323 1934 456 1978 uides
486 1936 620 1992 vulyo
649 1933 759 1978 uide
790 1951 825 1978 ω
916 1933 1128 1993 (natus)
1161 1934 1219 1978 de
1251 1933 1354 1978 loco
1387 1949 1421 1978 x

1028 2044 1075 2090 V

208 2112 384 2183 'Apud
420 2114 595 2183 ipsum
635 2113 826 2166 adstas.
1243 2189 1245 2191 Ι

325 2207 445 2251 Non.
472 2211 571 2263 522,
597 2211 653 2250 25
688 2207 819 2250 ‘oum
851 2207 1000 2264 apud
1030 2206 1163 2251 iuxta
1194 2205 1458 2263 significen’

328 2288 488 2332 adstas
521 2288 756 2333 Mercerus
787 2287 966 2332 adistas
999 2305 1033 2332 ω

1013 2397 1085 2445 VI

214 2481 295 2533 Tu
334 2483 512 2533 aufiem
551 2482 695 2550 quod
733 2500 928 2551 quaero
969 2481 1137 2534 enoda
1174 2484 1227 2533 et
1266 2481 1358 2550 qui
1397 2481 1470 2533 sis
1510 2479 1731 2549 explica.

331 2575 450 2618 Non.
485 2580 560 2630 15,
587 2579 612 2617 5
655 2575 860 2619 ‘enoda
899 2574 1133 2632 signifieat
1171 2573 1391 2631 explana,
1439 2575 1487 2617 et
1524 2585 1644 2628 quae
1684 2571 1745 2615 siffi
1783 2585 1889 2627 pro-

214 2634 403 2689 prietas,
435 2633 736 2677 manifestum
768 2635 853 2690 est,
884 2634 973 2678 hoo
1005 2635 1076 2678 est
1106 2632 1241 2677 nodis
1274 2632 1493 2676 exsolue.’

331 2715 383 2756 tu
424 2715 579 2757 autem
618 2714 743 2769 quod
782 2716 954 2769 quaero
986 2715 1051 2770 L,
1090 2715 1252 2758 Delrio
1289 2715 1342 2757 tu
1374 2714 1530 2755 autem
1560 2711 1685 2766 quod
1717 2725 1889 2766 quaero

216 2771 301 2814 abs
332 2774 380 2816 te
412 2790 461 2828 φ,
494 2786 603 2829 quos
633 2774 740 2817 olim
770 2780 947 2818 secutus
975 2775 1028 2816 tu
1059 2772 1176 2815 mihi
1207 2773 1366 2815 autem
1391 2771 1628 2814 edideram.
1685 2771 1750 2825 tu,
1785 2784 1812 2813 a
1844 2772 1891 2813 te

216 2830 342 2884 quod
373 2844 567 2886 quaero,
609 2831 760 2874 enoda
790 2834 860 2876 vel
889 2834 963 2887 tu,
1003 2831 1129 2887 quod
1159 2844 1331 2886 quaero
1363 2843 1392 2871 a
1422 2830 1490 2882 te,
1528 2828 1677 2871 enoda
1711 2830 1893 2874 Vossius

305 2902 398 2943 qua
430 2889 492 2932 sis
523 2892 660 2946 (quae
692 2889 754 2932 sit
784 2905 840 2934 m.
867 2892 911 2946 2)
942 2891 987 2933 L
1017 2889 1174 2945 quae's
1205 2890 1274 2933 vel
1303 2886 1422 2942 qui’s
1455 2887 1544 2931 Ed.
1579 2887 1748 2932 Becker
