1980 3146
176 123 251 175 70
866 121 918 174 Q.
949 121 1174 166 ENNIVS

863 255 1156 309 Patricoles

110 383 114 388 -
171 314 441 415 Eloquere
481 345 726 414 eloquere
763 345 848 396 res
878 343 1146 415 Argiuum
1183 345 1387 414 proelio
1425 349 1487 399 ut
1521 365 1576 399 se
1608 347 1849 400 sustinet.

853 432 1165 503 Eurypylus

171 523 298 578 Non
326 523 470 592 potis
502 521 663 575 ecfari
694 522 907 574 tantum
932 521 1102 592 dietis,
1134 523 1396 591 quantum
1418 523 1574 576 factis
1597 525 1847 594 suppetit.
1874 547 1916 580 ιο

848 609 880 643 axe
1134 610 1165 644 ηε

83 711 171 753 325
189 698 313 754 'Vbi
343 700 560 753 fortuna
586 699 834 752 Hectoris
864 647 1105 752 nostssam
1135 718 1309 753 acrem
1341 701 1509 754 aciem
1540 702 1849 755 inclinatam

1229 788 1445 858 <dedit>
1504 790 1510 795 ’

290 919 448 964 Cicero
481 919 614 965 Tusc.
648 919 766 976 disp.
798 919 841 962 II
874 923 951 975 16,
977 923 1032 963 38
1076 918 1207 974 ‘quin
1241 919 1386 963 ctiam
1416 919 1630 964 uidemus
1662 933 1718 964 ex
1749 919 1849 964 acie

175 977 327 1024 efferri
366 993 503 1036 saepe
544 978 725 1022 saucios
848 980 898 1022 at
936 991 1047 1022 uero
1088 977 1169 1022 ille
1209 978 1489 1023 exercitatus
1529 981 1576 1023 et
1613 981 1749 1023 uetus
1789 979 1849 1023 ob

172 1052 367 1093 eamque
397 1052 495 1082 rem
524 1037 689 1082 fortior
718 1037 951 1081 medicum
980 1037 1120 1081 modo
1151 1037 1389 1093 requirens
1422 1052 1450 1082 a
1482 1052 1573 1093 quo
1600 1038 1847 1096 obligetur,

172 1111 199 1141 o
252 1097 596 1152 Patricoles,
658 1096 832 1153 inquit,
896 1096 965 1140 ad
1018 1111 1117 1140 uos
1172 1096 1603 1141 adueniens
1639 1097 1846 1142 accedi.

172 1156 357 1201 Certe:
397 1155 717 1213 Eurypylus
749 1155 840 1199 hic
872 1155 1099 1211 quidem
1130 1158 1229 1200 est.
1290 1155 1398 1200 Vbi
1428 1156 1659 1200 tandem
1689 1156 1850 1200 luctu

173 1215 581 1260 conturbatur?
641 1214 932 1260 Hominem
988 1214 1301 1259 exercitum
1353 1214 1484 1259 uide
1531 1230 1695 1270 quam
1739 1230 1852 1260 non

170 1274 460 1319 flebiliter
496 1275 881 1331 respondeat,’
924 1273 1103 1331 (Certe
1134 1274 1456 1331 Eurypylus
1497 1274 1589 1318 hic
1621 1273 1849 1331 quidem

172 1335 258 1377 est
287 1333 567 1378 hominem
598 1333 910 1378 exercitum
940 1333 1038 1376 ubi
1068 1335 1291 1377 tantum
1321 1333 1511 1377 luctus
1545 1333 1847 1378 continua-

169 1395 261 1436 tur
297 1392 426 1449 libri,
466 1393 558 1437 nisi
597 1394 722 1449 quod
762 1392 1142 1437 exercitatum
1177 1393 1311 1436 Bern.
1352 1394 1399 1436 et
1439 1392 1521 1435 alii
1560 1393 1692 1437 codd.
1734 1392 1848 1436 boni

169 1453 290 1495 teste
323 1451 508 1497 Orellio.
556 1452 771 1496 luctum
802 1451 1174 1496 continuatus
1205 1452 1317 1508 Reg.
1353 1451 1470 1496 Grud.
1503 1452 1640 1496 Brux.
1688 1451 1846 1496 Verba

171 1513 323 1554 certe
357 1548 365 1556 .
394 1550 403 1557 .
430 1548 439 1556 .
474 1511 785 1555 exercitum
815 1510 1032 1555 Patroclo
1072 1510 1203 1554 dedit
1232 1510 1494 1567 Bentleius,
1534 1511 1649 1554 item
1690 1511 1845 1555 deleto

170 1572 255 1613 est
294 1569 551 1615 Tischerus.
616 1572 767 1614 certe
805 1569 1130 1627 Eurypylus
1165 1570 1257 1613 hic
1289 1569 1517 1626 quidem
1549 1572 1657 1615 est:
1701 1573 1706 1627 Ι
1749 1570 1847 1613 ho-

169 1628 370 1673 minem
423 1644 461 1675 e.
517 1629 766 1687 Seyffertus
821 1629 941 1674 Berl.
995 1628 1109 1686 phil.
1155 1628 1484 1673 Wochenschr.
1535 1633 1650 1673 1884
1694 1644 1739 1673 11.
1773 1634 1842 1673 52.

167 1688 243 1731 Me
289 1688 339 1731 in
385 1686 656 1746 separandis
701 1691 870 1746 poetae
912 1687 1065 1732 verbis
1106 1690 1290 1732 secutus
1329 1687 1569 1732 Vahlenus
1610 1687 1843 1733 Ciceronis

169 1746 273 1790 cola
317 1747 486 1792 ultima
533 1748 597 1792 sic
644 1747 972 1792 conformavit:
1026 1746 1307 1791 hominem
1354 1747 1695 1792 exercitum!
1750 1746 1848 1791 ubi

168 1806 396 1850 tandem
426 1807 616 1851 luctus
649 1807 965 1852 continuat.
1027 1805 1159 1850 uide
1191 1819 1227 1850 e.
1262 1821 1305 1862 q.
1339 1821 1373 1850 s.
1431 1806 1529 1849 Alii
1561 1806 1656 1850 alia
1686 1808 1846 1863 protu-

168 1864 323 1909 lerunt
351 1866 507 1923 rudia,
542 1867 758 1922 obscura,
790 1865 1116 1921 incommoda.)
1182 1865 1438 1909 ‘rationem
1469 1864 1614 1909 etiam
1646 1865 1845 1922 adferat,

169 1937 250 1966 cur
287 1938 436 1980 aequo
475 1925 631 1970 animo
671 1925 760 1970 sibi
798 1925 1040 1969 ferendum
1080 1923 1162 1970 sit:
1209 1924 1306 1980 qui
1345 1924 1613 1969 alteri
1637 1938 1844 1981 parem.

167 1983 383 2028 Abducet
419 1984 695 2041 Patricoles,
743 1984 900 2039 credo,
944 1986 998 2028 ut
1036 1983 1248 2027 conlocet
1285 1983 1335 2026 in
1374 1983 1539 2040 cubili,
1580 1985 1652 2026 ut·
1672 1983 1839 2027 uolnus

169 2042 360 2099 obliget.
423 2043 463 2086 si
501 2044 690 2099 quidem
726 2044 864 2087 homo
905 2045 1051 2099 esset,
1092 2043 1175 2086 sed
1211 2041 1332 2086 nihil
1370 2042 1470 2085 uidi
1507 2041 1693 2086 minus.’
1759 2042 1843 2099 (sic

167 2100 422 2146 Victorius:
470 2103 716 2146 uidimus
753 2102 895 2159 libri.)
960 2100 1179 2155 ‘Quaerit
1224 2101 1349 2145 enim
1394 2101 1509 2156 quid
1557 2103 1715 2145 actum
1759 2101 1841 2146 sit:

170 2159 434 2216 eloquere
461 2197 470 2205 .
497 2199 505 2206 .
535 2199 542 2206 .
569 2161 839 2218 suppetit.
894 2160 1155 2205 Laberis’
1190 2160 1275 2218 (sic
1306 2160 1559 2204 Bentleius,
1621 2159 1841 2204 laboris

169 2217 317 2276 libri):
368 2220 623 2276 ‘quiesce
661 2220 844 2278 igitur
882 2222 938 2264 et
974 2220 1178 2264 uolnus
1211 2219 1426 2276 alliga.’
1491 2219 1743 2275 (Laberis

171 2277 372 2334 alliga:
403 2283 531 2324 tace
561 2279 777 2324 Patroclo
808 2279 977 2323 tribuit
1006 2277 1259 2322 Bentleius.
1302 2277 1556 2322 Laboris.
1597 2279 1684 2323 Pa.
1714 2314 1839 2322 .....

170 2336 397 2390 quiesce
443 2341 499 2383 et
542 2339 745 2383 uolnus
785 2338 967 2395 alliga
1005 2338 1296 2381 Hermannus
1342 2337 1507 2394 Opusc.
1540 2337 1582 2380 V
1616 2342 1699 2381 143
1739 2337 1841 2380 La-

170 2394 341 2440 boris.
402 2398 488 2442 Pa.
552 2398 629 2441 Tu
676 2398 904 2453 quiesce
949 2396 1133 2454 igitur
1179 2398 1234 2440 et
1271 2395 1473 2440 uolnus
1513 2395 1840 2452 alligauero

170 2453 395 2510 Bergkius
427 2456 458 2500 l.
490 2457 519 2501 l.
553 2457 769 2501 laboris
800 2458 988 2513 poetae,
1021 2455 1201 2510 reliqua
1233 2454 1442 2499 Ciceroni
1474 2454 1714 2498 ascribunt
1745 2454 1843 2498 edi-

169 2514 293 2556 tores
345 2514 587 2572 plerique.)
650 2515 831 2559 ‘Etiam
885 2514 925 2559 si
977 2514 1239 2571 Eurypylus
1292 2516 1476 2570 posset,
1537 2527 1631 2557 non
1684 2515 1842 2568 posset

170 2571 400 2628 Aesopus:
446 2574 543 2618 ubi
580 2574 835 2618 fortuna’
879 2588 916 2619 e.
950 2589 993 2629 q.
1027 2588 1059 2617 s.
1127 2575 1200 2616 ‘et
1239 2575 1394 2616 cetera
1433 2572 1637 2628 explicat
1675 2571 1724 2614 in
1762 2572 1842 2615 do-

171 2629 300 2674 lore.’
363 2632 491 2675 Idem
537 2636 651 2677 orat.
684 2638 763 2690 46,
796 2638 880 2677 155
932 2633 1116 2687 ‘itaque
1162 2631 1310 2675 idem
1354 2631 1551 2688 poeta’
1604 2630 1736 2687 (Enn.
1769 2635 1839 2674 44.

172 2694 242 2732 51.
269 2693 384 2747 363),
421 2691 524 2746 ‘qui
555 2692 825 2736 inusitatius
855 2693 1170 2735 contraxerat:
1201 2690 1349 2747 patris
1373 2690 1466 2733 mei
1488 2702 1642 2732 meum
1665 2689 1842 2732 factum

168 2748 336 2804 pudet,
373 2764 479 2805 pro:
525 2765 732 2795 meorum
769 2751 1019 2806 factorum,
1062 2752 1129 2794 et:
1175 2749 1369 2805 texitur,
1418 2747 1612 2792 exitium
1652 2761 1844 2791 examen

171 2806 316 2862 rapit,
346 2823 450 2863 pro:
484 2809 750 2865 exitiorum,
782 2823 876 2853 non
908 2809 1024 2852 dicit
1054 2809 1253 2852 liberum
1373 2807 1454 2850 sed
1477 2808 1530 2849 ut
1552 2805 1634 2849 isti
1656 2807 1842 2851 uolunt:

171 2877 320 2918 neque
365 2869 498 2910 tuum
541 2882 764 2923 umquam
807 2868 858 2911 in
903 2867 1131 2924 gremium
1174 2865 1371 2910 extollas
1410 2865 1662 2908 liberorum
1702 2879 1758 2908 ex
1796 2868 1842 2909 te

171 2935 330 2976 genus
399 2919 679 2982 Etnidem:
736 2940 974 2981 namque
1028 2924 1338 2980 Aesculapi
1390 2923 1712 2968 liberorum.
1773 2925 1842 2967 At
