1980 3146
794 107 844 152 L.
876 106 1085 152 ACCIVS
1550 63 1552 65 Ι
1673 106 1777 159 185

902 247 980 295 IH

97 329 187 384 Ah
227 330 414 384 dubito
456 332 586 401 quid
624 332 760 403 agis:
800 332 927 384 eziue
964 349 1032 385 ne
1069 331 1126 383 in
1165 331 1379 383 turbam
1417 334 1470 384 te
1508 330 1745 400 inpliees.

218 431 337 476 Non.
364 437 465 490 524,
491 438 547 477 25
584 433 737 478 ‘turb
750 446 832 476 am
864 435 911 477 et
934 433 1134 476 turbas
1159 431 1395 476 diuersam
1417 431 1584 476 uolunt
1606 431 1779 476 habere
1833 483 1836 486 ⁴

99 490 510 548 significationem,
549 494 603 536 ut
641 492 704 536 sit
742 492 884 535 turba
910 491 1097 553 popul‘j
1106 493 1384 547 conuentus,
1423 492 1591 535 turbae
1620 491 1782 535 turba-

97 549 263 594 tiones.
314 551 413 595 Nos
445 553 608 596 eontra
637 551 812 595 lectum
841 550 1104 594 inuenimus
1137 552 1185 594 et
1214 550 1466 594 indiscrete
1496 550 1703 607 positum
1734 552 1783 594 et

98 623 182 665 pro
214 609 366 670 turbis
398 611 599 656 turbam.
660 609 830 654 Accius
861 610 1176 654 Adamante
1202 645 1211 653 .
1233 646 1241 654 .
1261 610 1290 654 .’

141 734 144 737 ,
218 698 279 742 ah
311 698 477 742 dubito
508 699 573 743 ed.
609 702 722 742 1526
762 712 823 742 an
861 697 1027 742 dubito
1064 698 1129 742 ha
1159 715 1193 741 ω
1233 697 1350 741 haut
1389 697 1554 742 dubito
1586 699 1783 744 Bothius

190 757 250 801 ah
280 758 391 802 uide
421 760 474 802 tu
506 757 620 813 quid
652 771 765 814 agas
807 758 1027 802 Vsenerus
1058 758 1226 814 (coroll.
1259 771 1365 802 com.
1400 757 1614 815 CCXXV)
1734 760 1782 802 te

98 829 181 861 om.
215 817 293 862 Ba
383 816 595 874 implices
627 818 726 862 edd.
758 815 961 873 implieis
993 817 1071 861 Ba
1101 815 1288 873 inplieis
1322 834 1357 873 φ

905 942 978 989 IV

69 1023 328 1083 ,Hostem
366 1028 428 1077 lit
464 1025 778 1096 profugiens
815 1026 1022 1079 inimici
1060 1027 1309 1094 inuadam
1348 1027 1406 1079 1'n
1443 1027 1668 1080 manus?
1751 1031 1754 1034 ’

218 1125 336 1169 Non.
370 1130 478 1182 324,
505 1131 527 1170 1
580 1126 879 1171 ‘inuadere
920 1141 1103 1170 rursum
1141 1127 1278 1183 quasi
1315 1127 1365 1171 in
1403 1128 1578 1172 uadum
1614 1128 1780 1172 ruere.'

101 1185 423 1241 (Atamante
453 1185 516 1229 W
545 1185 863 1230 Adamante
893 1186 1020 1231 Harl.
1053 1186 1181 1232 Leid.
1215 1187 1327 1231 Gen.
1360 1187 1514 1244 Ber-n.)

220 1273 404 1317 hostem
448 1275 502 1318 ut
547 1274 818 1331 profugiens
857 1275 1059 1321 Bothius,
1101 1277 1155 1319 ut
1198 1275 1469 1332 profugiens
1511 1276 1695 1320 hostem
1733 1293 1782 1332 ω,

102 1334 222 1389 quod
251 1334 344 1388 fuit
375 1335 456 1390 qui
486 1336 760 1389 detenderet:
791 1336 844 1378 in
873 1336 1119 1391 septenarii
1148 1336 1285 1396 initio
1314 1337 1430 1390 ferri
1453 1337 1599 1392 possit

895 1500 898 1504 .
921 1459 968 1505 V

106 1540 270 1594 Cuius
317 1542 388 1595 sit
429 1543 544 1595 uita
582 1543 868 1613 indecoris„
913 1546 1140 1596 mortem
1179 1544 1364 1615 fiigere
1403 1546 1615 1613 turpem
1653 1544 1785 1597 haut

1166 1632 1430 1685 conuenit.

220 1731 341 1776 Non.
365 1735 467 1788 489,
494 1736 517 1774 1
555 1731 870 1776 ‘indecoris
901 1747 986 1789 pro
1017 1732 1271 1777 indecora.’

222 1818 443 1864 indecora
474 1821 519 1864 L
614 1823 799 1878 turpem
829 1822 1002 1866 anius
1030 1823 1166 1878 turpe
1198 1839 1232 1865 ω
1323 1822 1441 1865 haut
1471 1840 1498 1880 χ
1530 1824 1614 1867 aut
1643 1833 1681 1880 ψ

911 1947 984 1995 VI

103 2028 304 2098 (Tuis)
320 2029 593 2082 benefieiis
615 2029 1003 2083 hostimentum
1026 2031 1241 2101 gnitum
1262 2031 1517 2100 peperisti
1542 2033 1596 2084 et
1610 2050 1787 2103 graue.

222 2130 341 2175 Non.
368 2135 468 2187 315,
496 2135 550 2174 18
585 2131 809 2188 ‘graue‚
843 2130 1043 2174 solidum
1075 2133 1123 2174 et
1153 2131 1367 2176 firmum.'

225 2218 462 2263 beneficiis
495 2219 647 2264 Pazat.
686 2218 938 2262 ueneficius
970 2236 1005 2276 φ
1126 2219 1462 2263 hostimentum
1492 2222 1679 2276 gratum
1708 2235 1789 2278 pe-

104 2276 270 2334 peristi
302 2280 349 2322 et
379 2278 543 2336 graue]
576 2288 770 2333 grauem
799 2277 1005 2321 hostium
1034 2277 1260 2334 peperisti
1292 2281 1340 2322 et
1369 2292 1514 2335 graue
1536 2289 1575 2334 ψ
1607 2280 1790 2324 hostem

106 2350 250 2393 graue
297 2335 523 2393 peperisti
561 2337 713 2382 Palat.
762 2336 961 2393 egregiis
1008 2336 1344 2381 hostimentum
1382 2337 1607 2394 peperisti
1644 2354 1788 2396 graue

110 2395 299 2440 Grotius
336 2394 673 2439 hostimentum
701 2395 926 2452 peperisti
956 2398 1143 2452 gratum
1175 2398 1223 2440 et
1252 2410 1397 2453 graue
1429 2398 1654 2455 Berykius
1683 2401 1790 2444 olim

106 2456 292 2510 gratum
336 2454 381 2499 h.
422 2453 692 2510 repperistis
735 2457 784 2498 et
828 2469 894 2511 gr.
941 2456 1060 2499 idem
1097 2469 1246 2511 opusc.
1278 2455 1300 2498 I
1323 2460 1408 2499 329
1454 2455 1790 2502 hostimentum

106 2512 815 2628 ppperislgcibegrsspeegcgthizffffin
843 2515 1045 2568 senario,
1087 2515 1194 2558 item
1231 2516 1419 2571 gratum
1454 2515 1711 2572 hospitium
1743 2533 1787 2574 p.

108 2586 132 2615 e
187 2587 230 2629 g.
378 2609 387 2618 .
469 2609 476 2616 .
654 2608 662 2615 .
860 2647 862 2650 y
898 2637 998 2685 VH

106 2718 303 2790 'Atque
356 2722 433 2774 ita
488 2723 550 2775 de
605 2722 713 2774 illis
765 2722 960 2790 merui,
1016 2725 1078 2774 ut
1131 2721 1245 2774 iure
1298 2721 1428 2775 haee
1467 2709 1773 2793 vnumquam
1788 2708 1876 2784 '195

1169 2810 1483 2863 miserarent
1520 2812 1673 2865 mala.

228 2911 347 2956 Non.
373 2916 474 2967 470,
501 2916 555 2954 22
591 2911 959 2955 ‘miserarent
988 2924 1071 2967 pro
1103 2910 1465 2956 miserarentur.’
