1980 3146
758 121 807 164 L.
841 120 1051 166 Acorvs
1640 106 1750 175 203
1831 89 1835 93 ’

67 251 382 310 (e.pigona
434 253 494 295 W
546 269 603 297 m.
651 259 673 297 1
731 253 995 311 epigone
1049 255 1169 299 Flor.
1217 271 1276 299 m.
1328 261 1350 299 1
1411 255 1752 313 Epigonis

70 311 319 369 Mercerus)

182 400 321 456 quid.
342 437 350 444 .
370 414 499 445 cesso
519 400 593 444 1⁴⁷¹
625 403 705 458 (an
735 401 850 457 quid
874 404 1032 446 aussem
1042 405 1079 458 ἲ)
1164 416 1220 447 en
1247 417 1380 447 camo
1402 403 1594 449 Grotius
1619 417 1754 448 camo

66 477 101 503 ω
134 474 265 504 camo
297 459 408 503 uide
448 462 556 504 olim
579 463 803 518 proposui
833 460 941 516 iam,
975 475 1001 505 o
1033 462 1136 506 Bue

853 614 971 661 XIV

69 706 244 759 Viden
283 710 344 758 tit
384 709 435 758 te
473 706 702 775 inpietas
741 705 984 758 stimulat
1021 725 1119 759 nec
1158 708 1397 760 moderat
1435 709 1646 761 metus?

180 815 299 882 Non.
325 819 426 894 1372,
451 818 505 856 21
542 813 868 858 ‘moderant
897 828 982 871 pro
1013 815 1326 860 moderantur.
1382 816 1550 861 Accius
1573 816 1749 875 Ephi-

64 889 228 932 gonis
1485 890 1494 895 -

179 961 343 1005 uident
373 963 427 1005 ut
458 963 549 1018 Ba,
581 963 703 1006 wnde
733 961 876 1006 uiden
906 964 959 1006 tu
991 964 1044 1006 ut
1074 965 1191 1007 coni.
1225 964 1317 1008 Ed.
1351 965 1522 1009 Becker

857 1117 949 1164 XV

61 1206 177 1278 Age
217 1227 314 1279 age
353 1209 596 1278 amolire,
636 1209 844 1278 amst'm,
885 1228 1013 1262 caue
1051 1213 1255 1263 uestem
1287 1185 1517 1281 artigas!-

179 1317 296 1361 Non.
325 1321 395 1372 75,
420 1322 476 1360 32
513 1316 780 1374 ‘affligam
818 1317 1085 1375 confinget.
1108 1355 1115 1363 .
1138 1318 1333 1362 ,Accius
1365 1318 1634 1376 Erigonis
1655 1356 1663 1364 .
1685 1356 1692 1363 .
1715 1320 1742 1364 .’

63 1375 359 1432 (Epigonis
391 1376 641 1433 Mercerus)

179 1471 306 1516 abite
340 1475 424 1529 (vel
456 1471 634 1529 abbite)
666 1488 699 1517 sc
730 1472 862 1516 aufer
892 1474 939 1516 te
965 1487 1097 1530 prop.
1130 1475 1182 1518 in
1212 1475 1362 1518 coroll.
1387 1474 1468 1517 LV

842 1628 960 1675 XVI

60 1719 299 1789 ManeaS‚
338 1719 478 1772 adsis
517 1720 719 1788 autem,
759 1718 920 1771 exilio
958 1719 1130 1772 macte
1170 1738 1235 1772 ex
1256 1719 1422 1772 'terris
1452 1719 1726 1789 Palopii's‘?
1743 1703 1829 1817 332

176 1828 295 1872 Non.
323 1832 422 1883 342,
451 1832 504 1870 13
540 1828 814 1871 ‘mactare
845 1827 970 1872 malo
1003 1827 1201 1872 adficere
1234 1827 1494 1885 significat.
1516 1828 1740 1872 ..Accius

60 1886 316 1944 Epigono
344 1886 432 1930 ...’
483 1885 777 1944 (Epigonis
808 1887 1059 1944 Mercerus)

179 1983 366 2027 Correxi
387 1988 439 2027 ut
455 1983 590 2039 potui
663 1995 853 2026 maneas
879 1982 1127 2026 adhisante
1144 2000 1179 2026 ω
1200 1996 1413 2027 maneas:
1438 1982 1556 2026 alios
1582 1985 1739 2027 autem

59 2043 255 2087 Bothius
284 2055 475 2086 maneas
507 2042 569 2085 ad
594 2040 855 2085 Glisantem
881 2042 1109 2100 Berykius
1138 2041 1232 2086 mei
1261 2055 1385 2084 nunc
1417 2041 1565 2086 adsis!
1598 2056 1660 2085 an
1690 2044 1738 2086 te

55 2116 90 2145 ω
128 2103 206 2157 (an
243 2103 291 2145 te
330 2101 569 2159 Scaliyer):
620 2102 777 2145 saltem
820 2114 1012 2144 maneas
1052 2102 1193 2146 teneri
1230 2102 1413 2145 debebat
1531 2103 1742 2145 mactent

58 2160 258 2218 Scaliger
286 2162 440 2203 macto
473 2160 670 2204 Bothvlus
698 2161 901 2203 mactem
931 2160 1174 2217 Quicherat
1261 2172 1453 2202 maneas
1484 2159 1644 2216 Argis:
1677 2174 1737 2204 an

56 2221 104 2262 te
136 2233 174 2263 e.
206 2221 408 2262 mactem
437 2219 541 2262 Bue
630 2218 811 2275 pelopis
843 2218 1046 2262 externis
1078 2220 1126 2262 et
1156 2236 1191 2262 ω
1220 2217 1405 2274 Pelopis
1438 2231 1494 2261 ex
1525 2218 1736 2263 terminis

56 2278 258 2335 Scaliyer
286 2276 490 2333 Pelopiis
517 2279 524 2334 Ι
552 2290 608 2320 ex
637 2276 773 2320 terris
806 2278 990 2323 Vossius

175 2372 380 2416 Adiunxi
411 2372 484 2416 his
517 2372 605 2416 inc.
638 2372 728 2417 inc.
762 2372 857 2417 fab.
890 2372 1099 2417 LXXVII
1115 2387 1182 2428 sq.

726 2555 1066 2603 ERIPHYLA

173 2660 403 2703 EmmYnA
434 2660 632 2704 fortasse
663 2673 757 2702 non
789 2658 973 2702 diversa
1004 2658 1095 2702 fuit
1126 2659 1186 2702 ab
1217 2659 1455 2716 Epigonis.

55 2759 230 2811 Pallas
269 2759 518 2828 bicorpor
557 2757 813 2828 anguium
851 2757 1022 2826 spiras
1060 2757 1243 2809 trahiss.

171 2865 435 2910 Priscianus
466 2882 510 2923 p.
544 2870 629 2910 699
653 2866 702 2909 Ρ.
757 2864 1048 2921 ‘bicorpor
1078 2865 1356 2922 bicorporis,
1388 2865 1615 2923 tricorpor
1646 2866 1731 2911 tri·

58 2925 275 2982 corporis,
306 2927 360 2969 ut
390 2925 558 2969 Accius
590 2925 639 2967 in
669 2923 896 2980 Eriphyla
922 2959 931 2967 .
953 2960 960 2968 .
982 2925 1010 2969 .’
1059 2924 1328 2983 (heripila
1360 2925 1508 2982 Grut.)
