1980 3146
739 106 801 152 M.
836 99 1134 152 Ponvsvs
1669 97 1776 161 105

903 248 974 295 IX

102 328 229 383 Non
276 329 436 382 decet,
472 331 708 383 animum
748 332 1079 402 aegritudine
1117 332 1176 384 in
1212 350 1269 384 re
1309 349 1526 401 crepera
1561 332 1867 386 confici.128

224 422 342 467 Non.
378 428 527 479 13„28
564 425 822 481 ‘crepera
852 439 938 469 res
970 425 1154 482 proprie
1188 424 1358 469 dieitur
1390 425 1569 470 dubia.
1620 426 1647 471 .’

225 504 358 548 decet
375 510 480 561 post
495 504 773 564 Scaliyerum
795 508 943 551 suasit
959 507 1284 550 Lachmanmcs
1307 508 1438 550 uetat
1455 523 1512 551 co:
1537 502 1601 552 dn
1622 507 1780 552 uolet?

196 562 489 620 aegritudine
522 565 758 610 Merce‘rus
790 564 1134 622 aegritudinem
1165 582 1198 608 ω

917 675 962 722 Χ

105 757 297 812 Nonne
330 758 567 810 officium
598 758 792 829 fiingar
820 759 995 830 uulgi,
1035 763 1194 828 atque
1226 762 1381 832 aegre
1412 761 1550 813 male
1580 761 1781 814 factum

1165 849 1368 902 feram?

223 940 341 985 Non.
374 946 482 996 497,
510 945 563 984 16
599 940 920 985 ‘aecusatiuus
950 941 1130 998 positus
1161 957 1244 999 pro
1278 942 1487 987 ablatiuo
1511 975 1554 992 ..
1617 943 1631 964 ’

222 1021 524 1065 malefactum
555 1022 599 1065 L
628 1028 680 1067 ut
709 1024 813 1078 vid„
846 1024 911 1067 ed.
938 1039 1010 1080 pr.
1044 1023 1166 1067 male
1196 1024 1348 1068 fatum
1378 1042 1412 1080 φ

907 1133 978 1179 XI

109 1213 172 1268 Si
207 1216 326 1284 quis
363 1215 463 1268 hae
500 1235 585 1269 me
626 1217 864 1269 oratione
903 1216 1108 1287 inosseiz,
1148 1218 1276 1286 quid
1314 1218 1695 1287 respondeam?
1789 1232 1872 1271 130

226 1309 344 1353 Non.
381 1314 478 1367 125,
503 1316 532 1354 4
567 1310 835 1354 ‘incilare
868 1313 940 1354 est
969 1310 1208 1367 inerepare
1239 1311 1316 1355 uel
1347 1311 1594 1368 inprobare
1622 1307 1630 1354 ’.
1680 1311 1707 1354 .’

226 1391 324 1435 A‘n:
357 1393 446 1435 hae
479 1391 519 1434 si
550 1391 683 1447 quis?

899 1457 996 1505 XII

108 1539 267 1594 Nune
304 1560 370 1593 ne
408 1541 566 1593 illum
605 1545 870 1611 expecteS,
910 1542 1120 1610 quando
1161 1543 1329 1595 amieo
1370 1543 1611 1595 amiciter

109 1628 306 1682 Fecisti

118 1717 123 1724 ’
178 1710 184 1715 ⁸
208 1712 212 1730 ⁵
229 1724 348 1768 Non.
383 1728 483 1780 510,
510 1728 564 1766 22
600 1723 887 1767 ‘amiciter
917 1737 1000 1779 pro
1034 1723 1180 1767 amice
1206 1758 1216 1769 .
1237 1760 1244 1767 .
1266 1724 1293 1767 .'

232 1810 254 1848 1
273 1820 334 1862 sq.
381 1811 433 1849 ut
462 1807 742 1861 septenarius
772 1806 1003 1850 exhibetwr
1032 1807 1083 1849 in
1122 1806 1166 1849 L
1293 1810 1317 1848 1
1349 1818 1407 1848 ne
1438 1804 1587 1848 hilum
1617 1805 1786 1851 Scrive-

112 1866 211 1910 rius
302 1863 508 1922 quando]
541 1866 631 1918 qua
664 1864 741 1908 Ba
790 1915 795 1920 ⁵

890 1974 1013 2021 XIII

116 2102 124 2111 .
160 2102 168 2111 .
204 2059 452 2128 quidnam
492 2061 669 2110 autem
706 2057 808 2110 hoo
847 2059 1010 2111 soniti
1046 2062 1146 2128 est,
1186 2059 1328 2127 quod
1358 2059 1591 2111 stridunt
1621 2058 1788 2111 foris?

232 2152 352 2196 Non.
385 2156 486 2208 491,
514 2156 569 2194 24
604 2150 808 2194 ‘soniti
840 2153 888 2195 et
919 2165 1034 2195 sonu
1065 2165 1148 2208 pro
1182 2151 1359 2195 sonitus
1392 2154 1440 2195 et
1471 2152 1615 2196 sono.³

237 2235 393 2276 autem
435 2234 517 2276 aut
547 2234 622 2277 Ba
766 2231 879 2287 quid
920 2231 1123 2275 stridunt
1151 2233 1348 2278 Bothius
1482 2232 1571 2288 fori
1603 2249 1637 2276 co
1668 2232 1789 2276 fores

115 2292 288 2337 anius

894 2356 1011 2404 XIV

119 2485 129 2494 .
156 2485 165 2493 .
189 2442 284 2493 ubi
315 2441 427 2493 illio
459 2441 573 2493 est?
605 2459 689 2493 me
717 2441 986 2492 miseram!
1021 2442 1252 2508 quonam
1276 2441 1411 2492 olam
1436 2459 1491 2493 se
1516 2440 1804 2493 eliminat?

235 2535 352 2579 Non.
380 2540 449 2591 38,
469 2539 522 2577 31
552 2533 897 2588 ‘eliminare,
923 2535 1054 2577 extra
1078 2533 1220 2577 limen
1244 2533 1423 2578 eioere.’
1465 2533 1594 2578 Idem
1619 2539 1717 2591 292,
1736 2538 1791 2576 25

120 2593 445 2657 ‘eliminare
476 2608 657 2636 rursum
689 2592 964 2637 excludere.’

124 2674 153 2718 J
236 2674 317 2718 ille
348 2692 383 2718 ω
416 2690 464 2731 p.
492 2679 575 2718 292
698 2673 918 2729 quoniam
950 2691 984 2716 ω
1017 2688 1064 2729 p.
1093 2678 1176 2716 292
1299 2673 1420 2717 olam
1451 2674 1518 2731 se]
1552 2672 1726 2716 clamor
1755 2690 1811 2716 co·

114 2738 272 2790 p..292
314 2733 435 2776 elam
466 2733 587 2777 elam
618 2751 652 2776 ω
678 2748 726 2789 p.
754 2736 809 2775 38
841 2746 982 2788 quam
1014 2732 1185 2776 clamos
1220 2733 1401 2777 Vossius
1433 2745 1635 2787 quonam
1666 2730 1789 2774 clan-

120 2791 223 2835 culo
265 2791 545 2848 (clanculum
582 2793 821 2850 Berykius)
863 2805 910 2834 se
942 2791 1238 2836 Hermannus
1327 2791 1426 2835 An:
1466 2789 1550 2834 ubi
1579 2790 1660 2833 ille
1692 2791 1792 2835 est?

120 2864 194 2894 me
233 2850 450 2894 miseram
489 2851 662 2894 clamor
701 2850 921 2906 quoniam
960 2849 1173 2893 eliminat
1210 2851 1278 2894 vel
1315 2851 1533 2895 trochaeis
1570 2848 1651 2892 {ibi
1692 2848 1791 2892 illie

122 2911 221 2953 est?
251 2923 325 2953 me
355 2915 437 2954 m.!
470 2910 690 2965 quoniam
722 2909 895 2952 clamor
925 2909 1031 2952 med
1063 2908 1305 2952 eliminat?
