2010 3146
811 99 901 145 CN.
934 99 1200 145 NAEVIVS
1773 99 1839 152 13

957 241 1053 288 XII

160 317 246 372 Ne
298 318 388 370 ille
442 317 548 370 mei
601 317 703 370 feri
754 317 938 388 ingeni
991 317 1196 387 (iram)
1250 321 1409 387 atque
1454 317 1619 370 animi
1666 335 1839 370 acrem

1310 405 1655 458 acrimoniam

279 499 396 543 Non.
426 504 493 555 73,
521 504 575 543 17
611 498 951 543 ‘acrimonia
983 501 1055 543 esf,
1087 498 1232 543 animi
1263 498 1528 543 uiuacitas?

934 609 1058 656 XIII

163 685 304 740 Cane
344 687 416 738 313
454 689 603 739 tuam
642 685 928 738 contendas
966 686 1102 738 iram
1142 686 1326 738 contra
1365 704 1486 739 cum
1524 687 1604 739 ira
1643 684 1837 739 Liberi.

279 780 398 826 Non.
425 784 524 837 259,
550 784 576 823 5
612 779 983 823 ‘contendere
1016 778 1251 836 significat
1282 793 1550 836 comparare
1578 780 1664 825 ...’

942 889 1059 936 XIV

158 966 414 1019 'Oderunt
454 966 506 1018 di
544 965 788 1019 homines
826 966 1140 1019 111111103-
1164 965 1369 1037 'Egone
1408 985 1475 1018 an
1513 967 1604 1019 ille
1644 967 1837 1020 iniurie

157 1055 439 1108 Facimus?

275 1142 393 1186 Non.
423 1146 520 1198 124,
546 1145 602 1185 30
638 1140 875 1185 ‘iniurie
908 1140 1085 1185 dictum
1115 1155 1198 1198 pro
1231 1140 1486 1187 iniuriose.'

277 1223 326 1266 di
363 1222 574 1267 homines
614 1222 791 1266 iniuros
823 1223 1042 1278 Bothius,
1080 1224 1197 1268 idem
1229 1237 1448 1280 personas
1478 1225 1704 1270 distinxit.
1770 1224 1837 1267 dii

158 1281 263 1340 (idii
293 1285 350 1339 ψ)
382 1281 596 1326 homines
628 1281 851 1325 iniuriose
883 1280 1153 1339 (iniuriosae
1185 1283 1312 1339 HL)
1344 1300 1378 1326 ω

947 1393 1039 1440 XV

158 1468 247 1523 Sic
279 1470 431 1539 quasi
462 1470 633 1522 amnis
664 1469 849 1522 celeris
873 1469 1029 1539 rapit,
1059 1469 1152 1522 sed
1174 1470 1355 1522 tamen
1378 1470 1579 1522 inflexu
1601 1470 1836 1523 flecbitur

274 1563 394 1607 Non.
422 1567 520 1620 191,
547 1567 603 1607 34
638 1563 878 1606 ‘amnem
902 1598 911 1606 .
932 1598 970 1607 ..
996 1562 1221 1606 feminino
1247 1599 1257 1608 .
1277 1599 1288 1608 .
1307 1564 1335 1608 .’
1371 1563 1626 1620 (lucurgo
1657 1562 1804 1620 Leid.)

277 1644 363 1703 sic]
390 1644 472 1688 sed
496 1661 530 1688 ω
607 1643 790 1702 celeris]
815 1642 881 1687 cis
907 1661 941 1688 ω
974 1643 1069 1688 cita
1093 1645 1196 1689 Bue
1264 1644 1364 1703 sed]
1390 1657 1438 1688 se
1462 1645 1565 1690 Rue
1633 1644 1682 1688 in
1708 1644 1835 1694 fluxu

157 1704 390 1749 Meo-cerus

941 1769 1059 1816 XVI

156 1845 271 1899 Iam
309 1845 390 1898 ssoi
428 1863 527 1898 nos
567 1845 803 1914 duplicat
840 1845 1172 1898 aduenienizis
1208 1889 1367 1899 .....
1405 1846 1566 1899 11111103

272 1939 391 1983 Νο11.
418 1943 519 1996 487,
545 1943 571 1982 8
606 1939 771 1996 ‘uapor
801 1940 849 1983 et
879 1953 1025 1996 uapos
1059 1941 1106 1983 et
1135 1938 1276 1983 timor
1307 1941 1355 1983 eb
1385 1939 1555 1984 timos
1581 1975 1590 1984 .
1611 1976 1619 1983 .
1641 1941 1669 1985 .'

275 2020 493 2077 Suppleri
536 2021 656 2066 velut
701 2019 868 2065 anxiae
913 2020 1084 2064 mentis
1127 2022 1202 2076 (cf.
1250 2022 1400 2066 coroll.
1443 2021 1550 2064 XIII
1565 2023 1646 2079 sq.)
1686 2027 1834 2078 potest

240 2079 381 2123 timos
412 2093 559 2136 pauos
584 2097 618 2123 ω
709 2078 806 2123 10111
836 2079 904 2122 ibi
934 2093 1019 2123 nos
1052 2079 1095 2124 d.
1129 2094 1169 2124 a.
1203 2081 1342 2124 timos
1374 2094 1521 2137 pauos
1552 2081 1656 2125 Bue

919 2204 1064 2251 XVII

154 2280 210 2334 N
211 2281 401 2349 amque
439 2280 620 2333 ludere
659 2283 721 2332 111,
758 2280 1006 2333 laetantis
1043 2280 1185 2333 inter
1222 2299 1334 2333 sese
1372 2280 1606 2334 uidimus

151 2368 380 2438 Propter
418 2388 650 2439 amnem,
696 2369 888 2437 aquarn
927 2369 1172 2422 creterris
1210 2372 1417 2422 sumere
1457 2388 1521 2422 ex
1559 2370 1708 2423 fonte
1746 2414 1755 2423 .
1783 2413 1792 2424 .
1820 2414 1829 2423 .

270 2462 389 2506 Non.
424 2467 530 2519 547,
557 2467 612 2507 28
655 2463 931 2506 ‘creterra
971 2463 1043 2506 est
1073 2476 1216 2518 quam
1244 2476 1367 2506 nunc
1400 2462 1591 2507 situlam
1621 2465 1826 2508 uocant?

152 2521 283 2565 Idem
313 2521 442 2565 locus
475 2522 589 2566 olim
619 2521 904 2565 laudabatur
933 2536 977 2578 p.
1003 2525 1074 2578 84,
1101 2526 1158 2565 14
1191 2522 1414 2566 ‘colustra
1438 2558 1447 2566 .
1468 2523 1748 2567 ..Laberius
1780 2523 1831 2566 in

152 2579 367 2636 Virgine:
401 2580 442 2623 31
473 2580 662 2636 quidem
691 2594 796 2624 mea
828 2579 1032 2624 colustra
1059 2580 1204 2624 fretus
1230 2580 1407 2625 terris
1432 2582 1619 2626 studere
1643 2581 1831 2626 fecisset

156 2652 370 2682 sumere
410 2653 612 2695 aquam
651 2653 715 2684 ex
745 2639 944 2696 fonte’,
984 2638 1035 2682 in
1065 2639 1234 2695 quibus
1268 2640 1580 2698 [cre]terris
1614 2653 1829 2684 sumere

155 2711 357 2752 aquam
398 2711 462 2742 ex
492 2698 650 2742 fonte
681 2698 824 2742 verba
857 2711 913 2742 ex
944 2697 1039 2742 alia
1072 2698 1130 2742 de
1161 2698 1373 2743 creterris
1403 2699 1575 2756 glossa,
1607 2712 1728 2755 quae
1759 2708 1829 2743 se-

155 2756 398 2813 quebatur,
429 2756 650 2802 videntur
678 2757 815 2801 illata
847 2770 961 2802 esse.

272 2849 296 2888 1
329 2858 530 2902 namque
569 2845 730 2889 ludere
769 2847 822 2888 ut
856 2846 1038 2891 Vossius
1076 2861 1185 2890 nam
1223 2859 1282 2890 ue
1320 2846 1479 2890 ludere
1514 2847 1592 2890 Ba
1627 2859 1738 2890 nam
1776 2848 1829 2890 ub

153 2901 313 2947 ludere
353 2921 388 2961 φ
481 2917 580 2949 3030
620 2906 806 2950 Vossius
844 2918 891 2948 se
932 2922 966 2948 ω
1087 2910 1112 2948 2
1144 2907 1334 2962 propter
1362 2906 1536 2951 anius
1575 2907 1762 2962 praeter
1792 2923 1828 2950 ω

1871 418 1926 458 35

1862 1863 1920 1903 40
