1980 3146
749 99 810 143 M.
842 98 1141 149 PACVVIVS
1678 100 1782 153 131

888 239 1006 286 XIV

106 322 252 392 (Et)
289 323 469 375 tamen
509 323 777 375 offirmato
817 323 995 375 animo
1034 323 1269 376 mitescit
1306 327 1493 376 metus,

223 423 343 467 Non.
377 428 478 480 406,
504 429 529 468 9
566 424 780 467 ‘tamen
812 423 1049 480 significat
1078 423 1302 469 tandem.’

224 513 272 556 et
302 513 480 567 addidi,
511 513 606 557 nisi
636 513 795 556 tamen
826 511 1091 556 offirmatod
1116 514 1323 569 praefers

905 622 998 668 XV

106 705 210 760 Sed
259 707 436 759 nescio
485 706 614 776 quid
659 709 799 758 minc
846 708 947 758 est:
1002 706 1167 758 animi
1212 706 1460 759 horresco
1509 710 1562 759 et
1606 708 1787 778 gliscit

1166 794 1434 865 gavidium.

220 895 339 940 Non.
381 901 458 950 22,
487 899 540 939 16
591 893 819 951 ‘gliscit
865 897 937 938 est
975 894 1263 952 congelascit
1301 895 1602 952 (concalescit
1638 899 1687 954 x)
1736 900 1784 942 et

103 953 355 1012 colligitur,
387 954 464 998 uel
495 953 663 998 crescit
694 953 770 997 uel
800 953 1004 1011 ignescit
1029 991 1037 999 .
1059 991 1066 998 .
1090 991 1097 999 .
1119 955 1148 999 .'

219 1058 342 1087 nunc
373 1044 523 1089 coroll.
556 1056 663 1088 com.
698 1042 861 1087 CXXII
883 1044 1108 1100 proposui
1137 1045 1210 1100 (cf.
1237 1044 1390 1088 Luchs
1413 1043 1569 1088 Herm.
1594 1044 1658 1088 VI
1681 1047 1783 1101 270)

101 1116 212 1146 nam
249 1120 285 1147 ω
404 1101 633 1147 horrescit
675 1103 722 1145 et
766 1101 927 1159 gliscit
964 1119 999 1146 ω
1043 1104 1117 1160 (cf.
1158 1104 1306 1147 coroll.
1346 1102 1507 1160 XLVI)
1553 1103 1782 1160 horresco,

100 1160 261 1218 gliscit
283 1162 479 1207 Bothius
500 1160 741 1217 horrescit,
768 1160 927 1218 gliscit
949 1163 1046 1206 edd.
1073 1163 1147 1218 (cf.
1172 1162 1311 1206 Lucr.
1335 1161 1399 1205 ΙΠ
1423 1166 1479 1206 28
1505 1162 1619 1207 Stat.
1649 1164 1781 1208 Theb.

101 1221 123 1264 I
152 1223 258 1278 493)
290 1220 470 1278 crescit,
501 1220 662 1278 gliscit
692 1221 795 1265 Bue
827 1221 956 1278 (conl.
989 1222 1157 1266 anthol.
1184 1225 1269 1264 248
1293 1221 1371 1278 R.)

883 1331 1002 1378 XVI

101 1413 311 1485 Regum
351 1414 666 1485 imperator,
705 1416 980 1468 aeternum
1016 1414 1312 1467 humamim
1350 1418 1495 1467 sator
1784 1430 1868 1470 295

218 1515 336 1560 Non.
361 1520 470 1571 495,
497 1520 552 1560 26
588 1515 983 1559 ‘accusatiuus
1013 1515 1194 1559 numeri
1219 1515 1469 1572 singularis
1492 1515 1673 1572 positus
1696 1530 1780 1572 pro

100 1573 321 1631 genetiuo
351 1573 526 1632 plurali
551 1610 560 1619 .
580 1611 590 1619 .
610 1611 620 1619 .
640 1611 649 1620 .
674 1574 906 1619 Pacuuius
930 1574 1192 1619 Athalanta
1210 1611 1219 1619 .
1239 1611 1249 1620 .
1269 1575 1420 1619 ,idem
1443 1574 1670 1619 Periboea
1689 1611 1697 1618 .
1719 1612 1727 1619 .
1749 1576 1777 1620 .'

218 1676 380 1720 regum
413 1663 685 1708 Gulielmius
712 1677 908 1721 regnum
931 1681 966 1707 ω
1059 1665 1299 1707 aeternum
1327 1663 1583 1707 humanum
1604 1663 1779 1719 scripsi,

101 1723 131 1766 i.
156 1735 190 1766 e.
224 1724 407 1767 deorum
435 1723 752 1780 hominumque
780 1725 855 1779 (cf.
888 1724 1037 1767 coroll.
1069 1722 1231 1779 XLVI)
1268 1724 1509 1766 aeternum
1538 1735 1718 1766 morum
1739 1731 1778 1777 ψ

101 1783 342 1825 aeternum
371 1795 479 1825 mox
510 1782 589 1826 Ba
619 1783 807 1826 aeterne
838 1782 1094 1825 humanum
1125 1782 1324 1827 Bothius

868 1891 1013 1938 XVII

100 2017 554 2029 ......
629 1993 817 2045 precor
854 1976 1068 2029 ueniam
1104 1979 1313 2046 petenS‚

99 2063 198 2117 Vti
235 2082 368 2133 quae
407 2064 580 2135 (ego)
618 2064 704 2135 egi
743 2082 843 2134 ago
883 2065 1027 2117 axim
1063 2065 1385 2117 uerruncent
1421 2063 1568 2115 bene.

215 2157 333 2202 Non.
369 2161 475 2214 185,
507 2163 563 2202 26
614 2157 1003 2214 ‘uerruncent,
1049 2157 1100 2201 id
1146 2159 1218 2202 est
1262 2157 1577 2201 uertant...’
1648 2156 1777 2200 Idem

98 2216 522 2319 {gz'cizgntefffim'
562 2215 749 2273 egerim.
811 2217 860 2260 P.
892 2216 1140 2262 Periboea:
1176 2219 1237 2260 ut
1267 2229 1410 2272 quae
1442 2214 1531 2272 egi
1652 2229 1775 2259 uer-

217 2360 239 2398 1
288 2357 475 2400 ueniam
519 2358 704 2413 petens:
751 2357 807 2411 cf.
855 2357 1006 2400 coron.
1045 2370 1152 2400 com.
1194 2355 1356 2400 CXXII
1506 2360 1531 2397 2
1569 2354 1641 2398 uti
1672 2356 1776 2399 Bue

96 2417 150 2458 ut
180 2432 215 2458 ω
240 2429 287 2470 p.
317 2419 400 2460 185
441 2416 524 2458 aut
553 2432 588 2458 ω
613 2429 662 2471 p.
689 2418 774 2459 505
865 2427 952 2470 ego
981 2416 1176 2460 inseruit
1205 2415 1308 2459 Rue
1403 2413 1528 2457 axim
1558 2415 1625 2458 ecl.
1659 2418 1773 2458 1526

96 2473 219 2516 exim
249 2491 284 2517 ω
309 2489 358 2531 p.
386 2478 469 2518 185
509 2473 586 2517 uel
626 2473 750 2517 axim
780 2490 815 2516 ω
854 2487 896 2528 p.
930 2477 1038 2528 505,
1078 2474 1302 2531 Berykius
1425 2486 1707 2517 euerruncen
1737 2491 1772 2517 ω

88 2548 136 2589 p.
172 2537 257 2576 505
349 2535 504 2578 omnia
534 2547 626 2577 ωηο
657 2538 797 2577 octou.
830 2533 963 2576 iamb.
996 2534 1215 2577 conclusit
1244 2547 1278 2577 x

850 2641 1020 2689 XVIII

96 2725 200 2795 Tu,
237 2726 452 2797 mfflier,
490 2730 618 2798 tege
650 2729 702 2778 te
742 2729 795 2778 et
832 2728 950 2777 tlita
987 2725 1187 2794 templo
1226 2725 1424 2777 Lssoeri.

214 2819 332 2864 Non.
366 2824 469 2877 476,
496 2825 549 2863 12
585 2821 806 2863 ‘tutant
830 2855 839 2862 .
861 2855 869 2864 .
890 2819 918 2863 .’

214 2902 316 2944 tota
346 2901 422 2945 Ba
434 2901 537 2946 HL
626 2900 800 2957 templo
833 2901 1046 2946 Albertus
1076 2901 1286 2958 Lauyius
1316 2899 1494 2957 templa
1524 2917 1558 2943 ω

1450 2974 1506 3017 9*
