2010 3146
214 75 280 128 18
622 71 627 75 ’
900 74 950 127 Q.
983 74 1208 120 ENNWS

1019 214 1072 261 Π

212 334 370 344 .....
402 309 497 360 per
535 309 633 361 ego
675 290 830 342 deum
869 289 1125 342 sublimas
1164 289 1371 343 subices

211 378 469 449 'VmidaS,
507 379 646 431 unde
685 379 857 431 oritur
895 378 1068 431 imber
1104 379 1284 431 sonitu
1322 397 1481 433 saeuo
1520 384 1574 433 et
1611 380 1818 449 spiritu.

328 472 493 517 Festus
516 488 560 529 p.
587 475 673 516 305
697 472 758 516 M.
795 471 1048 516 ‘subices
1071 471 1248 516 Ennius
1272 472 1323 516 in
1345 473 1528 518 Aehffle
1550 488 1635 531 pro
1662 473 1884 518 subiectis

209 531 388 589 posuit,
436 546 541 575 cum
588 530 709 574 dixit
753 531 922 576 nubes:
967 544 1052 588 per
1098 532 1202 588 ego’
1252 545 1290 576 e.
1330 546 1374 588 q.
1415 547 1449 578 S.
1513 532 1689 587 Gellius
1728 533 1793 577 IV
1830 538 1885 578 17

212 590 405 648 (positu,
451 604 547 634 non
586 592 757 634 natura
801 589 1172 647 praepositiones
1221 591 1280 635 ob
1330 591 1415 635 sub
1465 606 1551 636 con
1598 605 1703 636 cum
1744 592 1886 637 verbo

210 649 363 694 iacio
389 649 670 706 compositas
694 649 860 706 longas
884 649 1000 707 fieri)
1021 650 1295 706 ‘congruens
1311 649 1457 707 igitur
1473 653 1557 708 est,
1582 653 1637 695 ut
1660 651 1886 695 subices

212 709 376 765 etiam,
408 709 533 764 quod
563 708 756 766 perinde
788 710 843 752 ut
874 708 1029 753 obices
1063 708 1371 766 compositum
1402 711 1493 767 est,
1525 724 1556 753 u
1586 709 1725 755 litera
1753 709 1888 754 breui

212 767 306 811 dici
338 769 564 824 oporteat.
626 766 804 811 Ennius
835 767 886 811 in
915 767 1182 825 tragoedia,
1215 782 1334 823 quae
1365 768 1572 813 Achilles
1602 768 1887 826 inscribitur,

212 826 393 871 subices
437 841 522 884 pro
562 840 668 871 aere
708 826 806 870 alto
844 826 1001 883 ponit,
1049 826 1130 882 qui
1170 827 1300 872 caelo
1340 827 1575 872 subiectus
1616 830 1688 872 est
1725 828 1775 872 in
1811 828 1887 872 his

210 886 421 930 uersibus
455 887 516 945 [2.
550 886 619 944 3]:
653 886 900 943 plerosque
933 886 1082 930 omnis
1114 888 1273 931 tamen
1302 886 1457 944 legere
1489 886 1655 932 audias
1687 902 1718 930 u
1748 887 1887 932 litera

209 946 470 1002 producta.'
533 945 652 990 Non.
688 950 793 1002 169,
821 951 843 989 1
892 945 1144 990 ‘subices
1182 959 1303 990 noue
1340 946 1547 1003 positum
1575 961 1670 991 non
1702 961 1730 991 a
1762 946 1888 991 subi-

211 1004 389 1061 ciendo,
414 1005 496 1048 sed
520 1003 784 1049 altitudine.
816 1004 993 1048 Ennius
1010 1003 1218 1050 Achille:
1241 1005 1572 1062 per...imber’
1600 1005 1793 1063 (acille
1816 1008 1885 1063 ψ).

329 1091 352 1129 1
374 1066 594 1130 sublimes
610 1103 650 1144 χ,
669 1099 752 1130 om.
772 1086 935 1131 Festus
1003 1085 1176 1130 subicis
1193 1086 1390 1143 Nouius,
1417 1088 1536 1144 quod
1551 1089 1727 1132 notavit
1739 1088 1888 1132 Lach-

210 1160 406 1190 mauuus
429 1147 492 1190 ad
507 1145 646 1190 Luer.
664 1146 700 1188 I
712 1149 796 1189 744
858 1150 882 1189 2
899 1144 1009 1189 inde
1028 1145 1191 1190 Festus
1251 1147 1300 1189 et
1315 1159 1396 1191 om.
1418 1146 1583 1191 Festus
1636 1145 1834 1202 strepitu
1848 1156 1887 1204 ψ

215 1204 352 1249 Gellii
421 1205 583 1250 Versus
612 1210 725 1249 reete
755 1205 977 1261 disposuit
1008 1205 1334 1249 Lachmauuus
1363 1206 1426 1250 ad
1448 1205 1585 1250 Luer.
1618 1206 1710 1249 III
1734 1209 1833 1249 227.

1008 1300 1086 1347 ΠΙ

212 1368 327 1432 Quo
366 1372 507 1421 minc
545 1369 747 1422 incerta
785 1388 841 1422 re
880 1370 1040 1439 atque
1078 1369 1287 1422 inorata
1324 1370 1548 1440 gradum

211 1456 509 1528 Regredere
548 1475 738 1511 conare
746 1458 774 1510 Ῥ

325 1551 443 1596 Non.
471 1556 569 1608 166,
596 1557 652 1596 22
688 1551 701 1572 ‘
714 1551 1037 1608 regredere,
1070 1551 1322 1596 reuocare.’

1016 1646 1089 1694 IV

210 1714 435 1768 'Interea
474 1715 725 1768 mortales
763 1716 903 1768 inter
941 1717 1054 1768 sese
1090 1719 1335 1786 pugnant
1371 1716 1649 1785 proeliant.

327 1809 445 1853 Non.
472 1813 571 1866 472,
597 1814 653 1853 30
688 1808 1037 1866 ‘proeliant.’

327 1889 507 1934 interea
538 1890 882 1936 Klussmauuus
911 1890 1013 1935 inta
1044 1909 1079 1935 ω
1110 1890 1160 1934 in
1190 1893 1315 1934 terra
1346 1890 1535 1948 Maehly

1029 1986 1076 2032 V

213 2096 222 2106 .
249 2097 259 2106 .
287 2097 296 2106 .
327 2073 452 2106 nam
492 2054 729 2108 consiliis
768 2055 1051 2125 obuarant,
1091 2055 1287 2124 quibus

210 2143 317 2195 iam
355 2144 531 2213 <iam>
570 2144 811 2197 concedit
847 2143 1050 2196 Hector
1088 2143 1244 2196 corde
1283 2142 1545 2212 <callido>

327 2237 446 2316 Nou.
481 2242 586 2294 147,
614 2243 668 2281 22
705 2237 1031 2293 ‘obuarare,
1069 2239 1355 2293 peruertere,
1389 2236 1667 2292 deprauare,
1710 2236 1887 2280 dictum

214 2307 241 2337 a
272 2308 411 2339 uaris.

332 2373 357 2411 2
388 2371 488 2412 tam
533 2370 747 2414 concedit
790 2370 868 2414 hic
908 2371 1020 2414 ordo
1060 2388 1115 2427 ω,
1164 2385 1277 2427 quae
1316 2375 1368 2414 ut
1398 2370 1535 2426 potui
1572 2371 1805 2414 emendare
1843 2375 1885 2414 et

213 2428 417 2483 supplere
446 2435 634 2473 conatus
663 2444 762 2473 sum
793 2431 958 2486 (coroll.
983 2429 1090 2473 XVI
1106 2432 1207 2487 sq.);
1239 2430 1410 2473 servari
1435 2429 1532 2473 vult
1554 2429 1657 2472 Bue
1687 2429 1772 2472 hac
1794 2429 1886 2482 fere

212 2487 454 2530 sententia:
486 2488 584 2529 tam
615 2501 651 2531 c.
684 2488 760 2531 hic
786 2502 826 2532 o.
853 2487 1129 2548 <hominum
1156 2502 1297 2543 quam
1321 2500 1478 2531 omnes
1500 2489 1667 2543 parent
1691 2485 1882 2545 ceteri).

214 2550 484 2600 anapaestos
517 2559 626 2589 nam
658 2546 890 2590 consilicis
925 2546 1149 2607 (Danai)
1183 2546 1426 2603 obuarant,
1459 2545 1618 2601 quibu'
1651 2545 1746 2588 iam
1779 2558 1885 2588 con-

215 2602 370 2646 cediti'
405 2603 540 2647 corde
570 2605 700 2650 habet
722 2620 755 2650 x
1010 2656 1083 2703 VI

214 2720 297 2773 Ita
334 2723 515 2793 magni
553 2724 746 2776 fluctus
785 2724 1112 2777 eiciebantur
1135 2767 1146 2777 .
1171 2767 1181 2777 .

334 2813 491 2858 Cicero
537 2815 587 2858 in
628 2816 757 2861 Verr.
805 2819 894 2862 act.
933 2817 977 2860 H
1010 2823 1057 2873 1,
1086 2823 1139 2861 18
1197 2817 1322 2860 ‘tum
1376 2814 1529 2858 subito
1582 2817 1885 2871 tempestates

216 2874 402 2915 coortae
442 2876 550 2917 sunt
588 2875 840 2932 maximae,
880 2875 1079 2932 iudices,
1118 2878 1172 2919 ut
1200 2874 1294 2918 noir
1324 2873 1461 2918 modo
1492 2873 1741 2930 proficisci,
1782 2888 1885 2918 cum
