1980 3146
780 98 842 142 M.
874 97 1171 143 PACV'VIVS
1739 99 1809 152 93

930 237 1022 285 XV

188 366 198 375 .
233 365 243 375 .
276 346 288 375 ι
326 322 447 374 men
484 339 743 390 seruasse,
780 324 842 374 ut
880 322 1055 375 essent
1094 322 1186 391 qui
1224 339 1309 375 me
1346 321 1646 391 perderent!
1840 336 1898 375 40

258 437 505 484 Suetonius
537 436 665 482 Caes.
691 441 748 481 84
781 437 927 482 ‘inter
955 437 1116 482 ludos’
1151 437 1383 495 (funebres
1413 437 1642 494 Caesaris)
1676 439 1810 484 ‘can-

139 499 241 543 tata
279 499 388 541 sunt
425 497 656 552 quaedam
694 496 756 541 ad
792 496 1140 541 miserationem
1177 498 1226 540 et
1264 496 1494 541 inuidiam
1523 497 1678 542 caedis
1710 497 1810 542 eius

140 557 492 602 accomodata
523 569 579 600 ex
608 554 786 600 Pacuui
815 555 1059 600 Armorum
1088 555 1289 600 iudicio.
1312 593 1319 600 .
1340 556 1368 600 .’
1427 556 1668 614 Appianus
1698 557 1808 602 bell.

144 616 230 660 civ.
262 615 306 660 Π
330 620 413 659 146
446 616 506 667 ὡς
536 613 582 659 δ’
611 613 695 668 Υἐπεὶ
724 621 820 666 τοῖς
849 612 1000 672 λόγοις
1031 613 1178 669 ἕτεροι
1208 617 1383 672 θρῆνοι
1413 615 1511 673 μετ’
1546 615 1668 675 ᾠδῆς
1691 615 1812 661 κατὰ

140 675 339 732 πάτριον
378 674 490 726 ἔθος
525 673 617 719 ὑπὸ
655 680 807 732 χορῶν
845 670 891 726 ἐς
921 672 1066 718 αὐτὸν
1100 671 1288 732 ἴδοντο,
1327 674 1408 718 καὶ
1436 673 1495 719 τὰ
1527 674 1638 733 ἔργα
1670 672 1813 728 αὖθις

144 736 288 779 αὐτοῦ
328 733 408 778 καὶ
445 733 497 778 τὸ
536 733 695 785 πάθος
731 729 1000 790 κατέλεγον,
1038 690 1126 776 noc?
1148 747 1240 777 που
1270 739 1362 778 τῶν
1390 732 1755 797 θρήνωνῖαὐτὸς
1785 734 1810 779 ὃ

142 798 323 849 Καῖσαρ
363 789 516 837 ἐδόκει
553 789 703 849 λέγειν
740 789 876 844 ὅσους
907 788 958 836 εὖ
987 791 1195 847 ποιήσειε
1226 799 1319 837 τῶν
1349 791 1533 849 ἐχθρῶν
1564 792 1611 847 ἐξ
1642 791 1811 850 ὀνόμα-

140 869 229 908 τος,
260 851 340 896 καὶ
371 851 477 908 περὶ
504 857 596 895 τῶν
627 848 846 908 σφαγέων
876 851 1031 895 αὐτῶν
1062 847 1278 908 ἐπέλεγεν
1308 849 1459 908 ὥσπερ
1492 848 1543 896 ἐν
1577 852 1808 910 θαύματι·

142 908 234 967 ἐμὲ
274 909 332 955 δὲ
370 910 465 955 καὶ
500 910 700 955 τούσδε
739 916 1049 966 περισῶσαι
1086 910 1216 961 τοὺς
1245 909 1589 962 κτενοῦντάς
1618 926 1694 966 με,
1727 912 1812 956 οὐκ

142 970 308 1027 ἔφερεν
339 968 405 1014 ἔτι
436 969 460 1014 ὁ
492 970 638 1027 δῆμος
667 986 707 1013 κ.
732 985 769 1014 τ.
796 971 832 1013 λ.
880 968 1087 1014 Conferri
1117 967 1256 1012 iussit
1284 968 1491 1026 Langius
1514 969 1651 1015 Vind.
1683 985 1728 1027 p.
1754 975 1811 1014 34

145 1027 376 1074 Ciceronis
406 1027 525 1073 Phil.
557 1028 600 1072 H
624 1033 664 1084 3,
689 1032 738 1074 5:
789 1028 939 1084 ‘quod
977 1027 1018 1072 si
1057 1029 1180 1072 esset
1217 1027 1513 1085 beneficium,
1558 1043 1813 1085 numquam

142 1087 238 1144 qui
276 1087 440 1131 illum
476 1086 918 1142 interfecerunt,
958 1101 987 1131 a
1026 1101 1132 1143 quo
1172 1089 1336 1132 erant
1374 1088 1809 1133 conseruati...

143 1149 326 1192 tantam
356 1148 511 1191 essent
541 1146 740 1204 gloriam
770 1145 1038 1191 consecuti.’
1701 1152 1703 1156 ·

917 1300 1035 1349 XVI

143 1429 153 1438 .
187 1429 197 1438 .
231 1429 241 1439 .
280 1404 377 1455 pro
417 1385 642 1455 imperio
682 1384 943 1456 agendum
982 1388 1075 1437 est.
1108 1416 1178 1423 ——
1213 1384 1342 1447 Quis
1380 1388 1549 1454 uetat,

143 1473 252 1538 Qus
282 1492 349 1527 ne
389 1473 635 1526 attollat?

261 1589 379 1634 Non.
406 1592 512 1644 246,
537 1592 566 1632 4
596 1587 894 1632 ‘attollere
919 1587 1153 1645 significat
1175 1586 1350 1645 erigere
1377 1624 1414 1633 ..
1435 1625 1443 1632 .
1469 1588 1698 1644 attollere,
1730 1588 1812 1633 ad-

148 1649 278 1693 ferre.
340 1646 571 1691 Pacuuius
603 1646 741 1690 Medo
859 1645 984 1690 idem
1014 1646 1259 1691 Armorum
1288 1646 1461 1691 iudicio
1489 1648 1575 1692 ...'

264 1756 287 1795 1
322 1750 402 1806 qui
434 1751 729 1795 Hermannus
817 1754 843 1794 2
875 1749 956 1806 qui
986 1763 1044 1794 ne
1071 1750 1254 1807 scripsi:
1284 1750 1342 1806 cf.
1367 1751 1516 1795 coroll.
1541 1748 1734 1795 XXXIX
1747 1762 1808 1810 sq.

144 1810 308 1866 quisne
339 1827 374 1853 ω
412 1809 576 1864 nequis
615 1809 911 1855 Hermamus
946 1808 1087 1865 nequi
1116 1823 1150 1854 ω
1291 1808 1464 1853 attolat
1500 1810 1604 1855 Bue
1635 1809 1811 1854 attulat

150 1871 394 1928 Quicherat
424 1867 635 1912 abstulat
666 1869 780 1914 coni.
813 1869 963 1914 coroll.
994 1868 1073 1912 XL

793 2050 1156 2099 ATALANTA

961 2155 987 2201 I

144 2239 432 2292 Parentum
470 2238 731 2290 incertum
768 2236 1196 2308 inuestigandum
1234 2238 1408 2309 gratia

259 2354 377 2399 Non.
409 2357 518 2409 495,
543 2358 599 2397 26
642 2351 959 2397 ‘accusatiuus
1005 2353 1184 2397 numeri
1221 2351 1471 2410 singularis
1508 2351 1688 2409 positus
1726 2366 1811 2410 pro

142 2412 360 2471 genetiuo
391 2412 564 2470 plurali
589 2448 598 2457 .
619 2449 627 2457 .
648 2412 675 2456 .’

948 2521 999 2568 H

144 2606 304 2660 Dolet
347 2607 600 2678 pigetque
646 2605 816 2675 magis
860 2604 1135 2675 magisque
1174 2606 1259 2658 me
1297 2608 1544 2659 conatum
1582 2605 1685 2659 hoc
1721 2606 1809 2659 ne-
1838 2579 1898 2694 ἓξ

1198 2692 1451 2762 quiquam
1488 2694 1660 2748 itiner.
1810 2703 1815 2706 '

260 2795 377 2839 Non.
404 2799 503 2851 490,
532 2800 587 2839 14
621 2794 823 2840 ‘itiner
851 2806 935 2850 pro
966 2793 1055 2838 iter
1080 2830 1089 2838 .
1110 2829 1118 2838 .
1141 2794 1169 2837 .’

261 2897 461 2956 Aynovit
491 2899 772 2944 octonarium
802 2898 905 2944 Bm
