1980 3146
793 103 843 146 L.
875 101 1086 148 ACCIVS
1674 103 1698 153 l
1711 101 1775 153 71

96 236 264 281 Accius
295 235 345 280 in
376 235 812 292 Amphitryone:
854 236 994 280 oedo'
1030 250 1069 282 e.
1102 251 1144 292 q.
1179 250 1212 280 s,
1260 236 1379 280 Non.
1408 239 1512 290 165,
1537 238 1594 278 20
1629 234 1779 278 ‘red-

96 295 261 352 ostit,
293 294 481 340 reddit)

216 376 330 421 cedo
355 390 437 421 om.
466 377 651 421 Nonius
733 375 901 432 ecquid
926 377 1090 422 Festus
1113 378 1169 432 cf.
1196 377 1345 421 coroll.
1374 375 1434 418 LI
1457 374 1572 431 quid
1596 374 1780 419 Nonius

185 435 229 479 ei
265 437 334 481 vel
371 435 480 479 huie
511 437 698 492 conieci,
738 435 856 479 mihi
891 436 1010 480 olim.
1043 438 1091 479 te
1125 435 1289 480 Festus
1317 434 1395 478 hic
1427 435 1612 479 Nonius
1701 433 1781 477 An

95 494 358 539 redhostis?
435 494 563 538 uiam
601 496 828 539 cometem
858 495 1006 539 Nonii
1036 512 1071 539 ω
1110 493 1231 538 itum
1268 508 1375 538 eum
1410 507 1490 539 eas
1523 508 1620 538 sem
1652 493 1782 537 Festi

102 555 196 599 eod.
230 555 331 597 tum
363 553 582 598 Comaeto
622 556 728 598 olim
766 555 954 598 conieci:
993 555 1048 609 cf.
1090 554 1239 598 coroll.
1271 553 1353 596 Ln
1387 554 1642 610 (praeterea
1679 553 1781 595 tum

93 612 191 657 iam
221 614 290 657 vel
320 626 425 656 eum
455 615 522 657 vel
552 626 656 656 eam
687 614 822 657 latere
852 614 905 656 in
936 614 1203 670 corruptelis
1231 613 1514 669 suspicabar)
1545 611 1655 667 uim,
1688 624 1779 666 quo

94 674 291 716 mortem
327 672 511 717 Onions.
557 672 638 716 An
666 670 829 727 uitam,
863 685 955 727 quo
987 671 1199 716 hostem?
1290 670 1474 715 obbitet
1504 672 1687 727 scripsi,
1719 684 1778 714 se.

94 733 279 787 facinus
311 733 431 788 quod
451 732 645 789 flaqitas.
679 729 840 774 obbiet
865 731 930 775 W
953 730 1085 774 obizet
1114 730 1159 773 L
1183 729 1312 774 obieb
1335 730 1484 774 Nonii
1508 747 1543 786 φ
1577 728 1781 773 obiectet

100 791 228 835 Festi
256 792 349 835 eod.
468 789 582 833 cedo
614 804 657 845 q.
690 788 767 833 hie
797 788 1060 834 redhostib‘?
1092 815 1147 822 —
1179 788 1275 833 iam
1307 788 1543 833 Cometem
1576 788 1779 833 obiectet

93 849 127 893 f.
163 851 265 894 Bue
297 848 504 907 κομήτην
534 850 794 907 intelleyens
825 849 1053 894 Pterelam

915 952 960 999 X

98 1020 156 1074 Si
194 1022 333 1074 forte
373 1021 534 1090 paulo
575 1022 735 1090 quem
774 1024 834 1072 tu
871 1021 1084 1074 ueniam
1123 1020 1289 1072 setius

212 1114 375 1159 Festus
407 1130 450 1172 p.
477 1119 561 1158 343
587 1106 648 1160 M}
693 1114 925 1159 ‘sebius'
961 1114 1162 1172 (serius
1186 1113 1401 1171 Vrsinus)
1437 1114 1484 1157 ‘a
1517 1127 1617 1158 sero
1648 1113 1778 1159 uide-

97 1176 174 1217 tur
206 1173 414 1218 dictum)
477 1173 652 1218 Paulus
683 1189 728 1230 p.
754 1178 838 1217 342
863 1174 924 1218 M.
961 1173 1167 1218 ‘setius
1200 1173 1367 1217 Accius
1401 1187 1429 1216 a
1461 1186 1562 1217 sero
1595 1186 1780 1229 compa-

96 1232 235 1290 rauit,
268 1232 337 1277 ait
361 1233 506 1278 enim:
538 1247 625 1289 ne,
660 1233 706 1276 si
738 1233 912 1277 forte’
941 1246 979 1277 e.
1005 1248 1049 1289 q.
1075 1247 1109 1278 s,
1157 1233 1336 1290 (Potest
1357 1246 1424 1275 ne
1449 1246 1505 1276 ex
1529 1231 1780 1290 [Amphi-

97 1294 322 1351 tryo]ne
353 1291 494 1336 titulo
524 1292 757 1348 reliquum
788 1294 921 1349 esse.)

214 1387 272 1417 ne
305 1373 345 1416 si
368 1375 512 1419 Pauli
537 1374 724 1418 Festus:
753 1388 792 1418 v.
826 1387 969 1430 supra
1059 1372 1204 1417 serius
1230 1373 1425 1417 Vrsinus
1455 1374 1512 1428 cf.
1544 1372 1782 1418 Charisius

88 1447 139 1489 p.
168 1437 253 1476 194
267 1447 328 1491 sq.
362 1434 415 1477 P.
448 1448 489 1478 v.
522 1432 666 1477 setius
699 1439 739 1478 et
771 1446 927 1489 secus;
962 1432 1162 1478 Solmsen
1194 1434 1270 1477 lat.
1304 1432 1570 1490 Lautyeseh.
1597 1436 1680 1476 197

902 1536 973 1583 XI

95 1603 316 1657 Miseret
353 1605 691 1657 lacrimarum
731 1605 973 1657 hiotuum
1012 1603 1347 1657 orbitudim‘S.

214 1699 333 1743 Non.
363 1703 461 1754 146,
489 1703 543 1742 15
579 1697 962 1742 ‘orbitudinis
994 1711 1076 1754 pro
1111 1697 1345 1742 orbitate)

891 1807 989 1856 XII

96 1877 224 1931 Non
261 1878 539 1947 peruolam
578 1896 691 1930 rem
730 1877 961 1930 ordsbor.
995 1909 1065 1914 —
1096 1876 1180 1930 Ne
1218 1877 1402 1946 retice,
1442 1874 1683 1929 obsecro!
1784 1888 1839 1927 95

215 1971 334 2016 Non.
360 1976 429 2027 39,
456 1977 509 2015 21
547 1970 762 2015 ‘ordire
788 1969 988 2029 (ordiri
1012 1970 1174 2015 Bamb.
1200 1970 1328 2015 Harl.
1354 1985 1413 2014 m.
1442 1971 1484 2027 1)
1518 1971 1589 2013 est
1610 1983 1782 2028 ponere

101 2031 325 2086 (promere
356 2032 420 2088 ω),
452 2030 688 2087 incipere)

217 2113 445 2156 Personas
483 2113 697 2156 distinavit
727 2112 889 2156 Delrio
1008 2111 1254 2168 paruolam
1284 2112 1482 2155 Bothius
1518 2123 1715 2166 paruam
1747 2127 1782 2153 ω

188 2171 268 2215 An
299 2170 493 2215 ordibo?
879 2222 1002 2269 XIII

101 2290 381 2359 Hocinest‚
421 2291 564 2360 quod
601 2291 712 2343 ‘mim
750 2290 1022 2344 temeriber
1059 2294 1119 2343 tu
1157 2309 1331 2344 meam
1362 2289 1783 2342 beniuolentiam

101 2376 368 2431 ‘Interisse
409 2397 462 2431 es
501 2380 684 2432 retus?

219 2465 338 2509 Non.
366 2469 465 2522 516,
492 2469 517 2508 3
553 2464 907 2510 ‘nemeriten’

219 2538 412 2582 hoccine
440 2541 510 2582 est
533 2539 694 2583 Delrio
716 2539 804 2582 hoe
828 2538 878 2582 in
900 2552 949 2583 re
974 2541 1045 2583 esh
1068 2556 1103 2583 ω
1194 2538 1320 2595 quod
1348 2539 1408 2582 W
1425 2551 1516 2593 quo
1542 2554 1577 2594 φ
1612 2551 1728 2593 quor
1750 2552 1784 2582 x

192 2599 244 2640 tu
276 2600 374 2641 tam
407 2600 474 2656 (ta
505 2599 600 2655 Ba)
631 2597 869 2642 temeriter
899 2616 948 2654 ω,
981 2613 1094 2655 quae
1125 2599 1387 2654 transposui

779 2723 1109 2771 PERSIDAE

105 2804 258 2858 Satin
295 2810 356 2858 ut
396 2825 553 2876 quem
593 2807 784 2875 cuique
823 2805 1017 2858 trsbuit
1054 2806 1271 2859 forhuna
1310 2803 1571 2873 ordinem,

105 2892 415 2963 Numquam
454 2895 564 2947 ulla
602 2894 880 2948 humilitas
918 2893 1195 2965 ingenium
1234 2893 1469 2945 infirmet
1506 2892 1743 2945 bonum?
