<?xml version="1.0" encoding="UTF-8"?>
<!DOCTYPE html PUBLIC "-//W3C//DTD XHTML 1.0 Transitional//EN"
    "http://www.w3.org/TR/xhtml1/DTD/xhtml1-transitional.dtd">
<html xmlns="http://www.w3.org/1999/xhtml" xml:lang="en" lang="en">
 <head>
  <title>
</title>
<meta http-equiv="Content-Type" content="text/html;charset=utf-8" />
  <meta name='ocr-system' content='tesseract 3.04.00' />
  <meta name='ocr-capabilities' content='ocr_page ocr_carea ocr_par ocr_line ocrx_word'/>
</head>
<body>
  <div class='ocr_page' id='page_1' title='image "./fragscaenicaeromr01ribbuoft/fragscaenicaeromr01ribbuoft_0014.png"; bbox 0 0 2010 3146; ppageno 0'>
   <div class='ocr_carea' id='block_1_1' title="bbox 165 57 1350 150">
    <p class='ocr_par' dir='ltr' id='par_1_1' title="bbox 165 57 1350 150">
     <span class='ocr_line' id='line_1_1' title="bbox 165 57 1350 150; baseline -0.005 -8"><span class='ocrx_word' id='word_1_1' title='bbox 165 98 200 150; x_wconf 78' lang='lat'>2</span> <span class='ocrx_word' id='word_1_2' title='bbox 690 93 889 139; x_wconf 74' lang='lat' dir='ltr'>LIVIvs</span> <span class='ocrx_word' id='word_1_3' title='bbox 911 91 1309 140; x_wconf 73' lang='lat' dir='ltr'>ANDRomcvs</span> <span class='ocrx_word' id='word_1_4' title='bbox 1343 57 1350 63; x_wconf 60' lang='grc'>’</span> 
     </span>
    </p>
   </div>
   <div class='ocr_carea' id='block_1_2' title="bbox 163 231 1449 367">
    <p class='ocr_par' dir='ltr' id='par_1_2' title="bbox 163 231 1449 367">
     <span class='ocr_line' id='line_1_2' title="bbox 964 231 1038 280; baseline -0.014 0"><span class='ocrx_word' id='word_1_5' title='bbox 964 231 1038 280; x_wconf 92' lang='lat' dir='ltr'>IV</span> 
     </span>
     <span class='ocr_line' id='line_1_3' title="bbox 163 307 1449 367; baseline -0.005 -1"><span class='ocrx_word' id='word_1_6' title='bbox 163 311 337 367; x_wconf 86' lang='lat' dir='ltr'>Nemo</span> <span class='ocrx_word' id='word_1_7' title='bbox 376 312 506 365; x_wconf 77' lang='lat' dir='ltr'>haec</span> <span class='ocrx_word' id='word_1_8' title='bbox 543 314 849 364; x_wconf 80' lang='lat' dir='ltr'>nostrorum</span> <span class='ocrx_word' id='word_1_9' title='bbox 887 309 1186 361; x_wconf 68' lang='lat' dir='ltr'>riiminetur</span> <span class='ocrx_word' id='word_1_10' title='bbox 1223 307 1449 360; x_wconf 70' lang='lat' dir='ltr'>miilieri.</span> 
     </span>
    </p>
   </div>
   <div class='ocr_carea' id='block_1_3' title="bbox 150 405 1841 518">
    <p class='ocr_par' dir='ltr' id='par_1_3' title="bbox 150 405 1841 518">
     <span class='ocr_line' id='line_1_4' title="bbox 281 405 1841 469; baseline -0.005 -12"><span class='ocrx_word' id='word_1_11' title='bbox 281 413 400 458; x_wconf 87' lang='lat' dir='ltr'>Non.</span> <span class='ocrx_word' id='word_1_12' title='bbox 429 417 533 469; x_wconf 88' lang='grc'>166,</span> <span class='ocrx_word' id='word_1_13' title='bbox 561 416 616 455; x_wconf 90' lang='grc'>29</span> <span class='ocrx_word' id='word_1_14' title='bbox 658 410 993 455; x_wconf 79' lang='lat' dir='ltr'>‘ruminare’</span> <span class='ocrx_word' id='word_1_15' title='bbox 1037 408 1277 467; x_wconf 87' lang='lat' dir='ltr'>(ruminari</span> <span class='ocrx_word' id='word_1_16' title='bbox 1316 408 1516 465; x_wconf 77' lang='lat' dir='ltr'><strong><em>Vossius)</em></strong></span> <span class='ocrx_word' id='word_1_17' title='bbox 1558 406 1754 450; x_wconf 78' lang='lat' dir='ltr'>‘dictum</span> <span class='ocrx_word' id='word_1_18' title='bbox 1791 405 1841 449; x_wconf 88' lang='lat' dir='ltr'>in</span> 
     </span>
     <span class='ocr_line' id='line_1_5' title="bbox 150 472 800 518; baseline -0.005 -1"><span class='ocrx_word' id='word_1_19' title='bbox 150 472 437 518; x_wconf 73' lang='lat' dir='ltr'>,memoriam</span> <span class='ocrx_word' id='word_1_20' title='bbox 466 484 686 516; x_wconf 89' lang='lat' dir='ltr'>reuocare</span> <span class='ocrx_word' id='word_1_21' title='bbox 713 506 749 516; x_wconf 88' lang='lat'>..</span> <span class='ocrx_word' id='word_1_22' title='bbox 773 472 800 514; x_wconf 93' lang='lat'>.’</span> 
     </span>
    </p>
   </div>
   <div class='ocr_carea' id='block_1_4' title="bbox 163 554 1840 665">
    <p class='ocr_par' dir='ltr' id='par_1_4' title="bbox 163 554 1840 665">
     <span class='ocr_line' id='line_1_6' title="bbox 163 554 1840 665; baseline -0.003 -61"><span class='ocrx_word' id='word_1_23' title='bbox 163 620 217 665; x_wconf 78' lang='grc' dir='ltr'><strong><em>Η</em></strong></span> <span class='ocrx_word' id='word_1_24' title='bbox 250 562 544 629; x_wconf 53' lang='grc' dir='ltr'>ὐφεῂτοωω</span> <span class='ocrx_word' id='word_1_25' title='bbox 588 559 759 605; x_wconf 72' lang='lat' dir='ltr'>Onions</span> <span class='ocrx_word' id='word_1_26' title='bbox 803 559 962 602; x_wconf 88' lang='lat' dir='ltr'>uoster</span> <span class='ocrx_word' id='word_1_27' title='bbox 1009 559 1184 615; x_wconf 89' lang='lat' dir='ltr'>(uoster</span> <span class='ocrx_word' id='word_1_28' title='bbox 1221 571 1250 603; x_wconf 74' lang='lat'>³0&lt;</span> <span class='ocrx_word' id='word_1_29' title='bbox 1273 571 1302 603; x_wconf 77' lang='lat'><em>*</em></span> <span class='ocrx_word' id='word_1_30' title='bbox 1345 557 1414 614; x_wconf 87' lang='grc' dir='ltr'>Ε)</span> <span class='ocrx_word' id='word_1_31' title='bbox 1455 573 1489 600; x_wconf 87' lang='grc' dir='ltr'><strong>ω</strong></span> <span class='ocrx_word' id='word_1_32' title='bbox 1535 556 1746 599; x_wconf 84' lang='lat' dir='ltr'>nostrum</span> <span class='ocrx_word' id='word_1_33' title='bbox 1776 554 1840 599; x_wconf 89' lang='lat' dir='ltr'>D.</span> 
     </span>
     <span class='ocr_line' id='line_1_7' title="bbox 216 634 387 664; baseline 0 0"><span class='ocrx_word' id='word_1_34' title='bbox 216 634 387 664; x_wconf 72' lang='lat' dir='ltr'>emszus</span> 
     </span>
    </p>
   </div>
   <div class='ocr_carea' id='block_1_5' title="bbox 167 758 1481 831">
    <p class='ocr_par' dir='ltr' id='par_1_5' title="bbox 167 758 1481 831">
     <span class='ocr_line' id='line_1_8' title="bbox 167 758 1481 831; baseline -0.005 -15"><span class='ocrx_word' id='word_1_35' title='bbox 167 761 616 831; x_wconf 74' lang='lat' dir='ltr'>Sollemnitusque</span> <span class='ocrx_word' id='word_1_36' title='bbox 655 760 831 830; x_wconf 78' lang='lat' dir='ltr'>†adeo</span> <span class='ocrx_word' id='word_1_37' title='bbox 871 759 1024 812; x_wconf 86' lang='lat' dir='ltr'>ditali</span> <span class='ocrx_word' id='word_1_38' title='bbox 1061 759 1242 811; x_wconf 76' lang='lat' dir='ltr'>laudet</span> <span class='ocrx_word' id='word_1_39' title='bbox 1279 758 1481 811; x_wconf 87' lang='lat' dir='ltr'>lubens.</span> 
     </span>
    </p>
   </div>
   <div class='ocr_carea' id='block_1_6' title="bbox 164 856 1843 980">
    <p class='ocr_par' dir='ltr' id='par_1_6' title="bbox 164 856 1843 980">
     <span class='ocr_line' id='line_1_9' title="bbox 281 856 1843 919; baseline -0.004 -12"><span class='ocrx_word' id='word_1_40' title='bbox 281 864 400 909; x_wconf 87' lang='lat' dir='ltr'>Non.</span> <span class='ocrx_word' id='word_1_41' title='bbox 437 868 543 919; x_wconf 94' lang='grc'>176,</span> <span class='ocrx_word' id='word_1_42' title='bbox 571 867 625 906; x_wconf 88' lang='grc'>13</span> <span class='ocrx_word' id='word_1_43' title='bbox 669 859 1060 907; x_wconf 69' lang='lat' dir='ltr'>‘sollemnibus</span> <span class='ocrx_word' id='word_1_44' title='bbox 1097 874 1181 917; x_wconf 89' lang='lat' dir='ltr'>pro</span> <span class='ocrx_word' id='word_1_45' title='bbox 1222 858 1520 904; x_wconf 74' lang='lat' dir='ltr'>sollemniter.</span> <span class='ocrx_word' id='word_1_46' title='bbox 1584 856 1843 902; x_wconf 84' lang='lat' dir='ltr'>Lucilius</span> 
     </span>
     <span class='ocr_line' id='line_1_10' title="bbox 164 918 1577 980; baseline -0.004 -14"><span class='ocrx_word' id='word_1_47' title='bbox 164 922 390 980; x_wconf 74' lang='lat' dir='ltr'>Aegistho</span> <span class='ocrx_word' id='word_1_48' title='bbox 417 923 504 968; x_wconf 77' lang='lat'><strong>...²</strong></span> <span class='ocrx_word' id='word_1_49' title='bbox 539 920 755 979; x_wconf 88' lang='lat' dir='ltr'>(Liuius</span> <span class='ocrx_word' id='word_1_50' title='bbox 789 920 859 964; x_wconf 88' lang='lat' dir='ltr'>ed.</span> <span class='ocrx_word' id='word_1_51' title='bbox 895 925 1007 964; x_wconf 83' lang='grc'>1526</span> <span class='ocrx_word' id='word_1_52' title='bbox 1041 919 1232 963; x_wconf 87' lang='lat' dir='ltr'>accius</span> <span class='ocrx_word' id='word_1_53' title='bbox 1264 918 1425 964; x_wconf 90' lang='lat' dir='ltr'>Vrbin.</span> <span class='ocrx_word' id='word_1_54' title='bbox 1460 919 1577 974; x_wconf 87' lang='lat'>308.)</span> 
     </span>
    </p>
   </div>
   <div class='ocr_carea' id='block_1_7' title="bbox 166 1005 1845 1115">
    <p class='ocr_par' dir='ltr' id='par_1_7' title="bbox 166 1005 1845 1115">
     <span class='ocr_line' id='line_1_11' title="bbox 284 1005 1845 1070; baseline -0.004 -15"><span class='ocrx_word' id='word_1_55' title='bbox 284 1012 421 1070; x_wconf 88' lang='lat' dir='ltr'>adeo]</span> <span class='ocrx_word' id='word_1_56' title='bbox 454 1011 605 1055; x_wconf 89' lang='lat' dir='ltr'>adcon</span> <span class='ocrx_word' id='word_1_57' title='bbox 630 1010 682 1054; x_wconf 88' lang='lat' dir='ltr'><strong><em>F</em></strong></span> <span class='ocrx_word' id='word_1_58' title='bbox 759 1009 845 1053; x_wconf 83' lang='lat' dir='ltr'>deo</span> <span class='ocrx_word' id='word_1_59' title='bbox 876 1007 988 1052; x_wconf 89' lang='lat' dir='ltr'>litat</span> <span class='ocrx_word' id='word_1_60' title='bbox 1018 1009 1188 1053; x_wconf 75' lang='lat' dir='ltr'>conieci</span> <span class='ocrx_word' id='word_1_61' title='bbox 1211 1008 1253 1052; x_wconf 87' lang='lat' dir='ltr'>d.</span> <span class='ocrx_word' id='word_1_62' title='bbox 1280 1006 1408 1051; x_wconf 86' lang='lat' dir='ltr'>dicat</span> <span class='ocrx_word' id='word_1_63' title='bbox 1429 1021 1469 1052; x_wconf 83' lang='grc' dir='ltr'>υ.</span> <span class='ocrx_word' id='word_1_64' title='bbox 1495 1008 1651 1052; x_wconf 74' lang='lat' dir='ltr'>doctus</span> <span class='ocrx_word' id='word_1_65' title='bbox 1681 1005 1845 1049; x_wconf 88' lang='lat' dir='ltr'>adoret</span> 
     </span>
     <span class='ocr_line' id='line_1_12' title="bbox 166 1067 1358 1115; baseline -0.003 0"><span class='ocrx_word' id='word_1_66' title='bbox 166 1084 220 1114; x_wconf 87' lang='lat' dir='ltr'>ac</span> <span class='ocrx_word' id='word_1_67' title='bbox 252 1071 354 1115; x_wconf 79' lang='lat' dir='ltr'>Bue</span> <span class='ocrx_word' id='word_1_68' title='bbox 385 1072 646 1115; x_wconf 75' lang='lat' dir='ltr'>dubitanter</span> <span class='ocrx_word' id='word_1_69' title='bbox 735 1068 923 1112; x_wconf 82' lang='lat' dir='ltr'>laudem</span> <span class='ocrx_word' id='word_1_70' title='bbox 953 1069 1021 1113; x_wconf 81' lang='lat' dir='ltr'>vel</span> <span class='ocrx_word' id='word_1_71' title='bbox 1051 1067 1214 1111; x_wconf 83' lang='lat' dir='ltr'>laudes</span> <span class='ocrx_word' id='word_1_72' title='bbox 1246 1069 1358 1112; x_wconf 74' lang='lat' dir='ltr'>coni.</span> 
     </span>
    </p>
   </div>
   <div class='ocr_carea' id='block_1_8' title="bbox 76 1178 1087 1325">
    <p class='ocr_par' dir='ltr' id='par_1_8' title="bbox 76 1178 1087 1325">
     <span class='ocr_line' id='line_1_13' title="bbox 966 1178 1038 1225; baseline 0.028 -2"><span class='ocrx_word' id='word_1_73' title='bbox 966 1178 1038 1225; x_wconf 88' lang='lat' dir='ltr'>VI</span> 
     </span>
     <span class='ocr_line' id='line_1_14' title="bbox 76 1254 1087 1325; baseline -0.002 -17"><span class='ocrx_word' id='word_1_74' title='bbox 76 1268 131 1308; x_wconf 90' lang='lat'>10</span> <span class='ocrx_word' id='word_1_75' title='bbox 163 1258 293 1310; x_wconf 88' lang='lat' dir='ltr'>..in</span> <span class='ocrx_word' id='word_1_76' title='bbox 331 1257 478 1309; x_wconf 89' lang='lat' dir='ltr'>sedes</span> <span class='ocrx_word' id='word_1_77' title='bbox 516 1256 760 1308; x_wconf 72' lang='lat' dir='ltr'>conlocat</span> <span class='ocrx_word' id='word_1_78' title='bbox 798 1273 853 1307; x_wconf 91' lang='lat' dir='ltr'>se</span> <span class='ocrx_word' id='word_1_79' title='bbox 891 1254 1087 1325; x_wconf 75' lang='lat' dir='ltr'>regias:</span> 
     </span>
    </p>
   </div>
   <div class='ocr_carea' id='block_1_9' title="bbox 165 1342 1494 1495">
    <p class='ocr_par' dir='ltr' id='par_1_9' title="bbox 165 1342 1494 1495">
     <span class='ocr_line' id='line_1_15' title="bbox 165 1342 1494 1414; baseline -0.004 -16"><span class='ocrx_word' id='word_1_80' title='bbox 165 1345 515 1414; x_wconf 73' lang='lat' dir='ltr'>Clytemestra</span> <span class='ocrx_word' id='word_1_81' title='bbox 553 1344 763 1414; x_wconf 81' lang='lat' dir='ltr'>iuxtim,</span> <span class='ocrx_word' id='word_1_82' title='bbox 802 1343 989 1396; x_wconf 72' lang='lat' dir='ltr'>tertias</span> <span class='ocrx_word' id='word_1_83' title='bbox 1026 1345 1182 1395; x_wconf 87' lang='lat' dir='ltr'>natae</span> <span class='ocrx_word' id='word_1_84' title='bbox 1222 1342 1494 1411; x_wconf 76' lang='lat' dir='ltr'>occupant.</span> 
     </span>
     <span class='ocr_line' id='line_1_16' title="bbox 279 1436 1271 1495; baseline -0.003 -12"><span class='ocrx_word' id='word_1_85' title='bbox 279 1439 398 1494; x_wconf 87' lang='lat' dir='ltr'>Non.</span> <span class='ocrx_word' id='word_1_86' title='bbox 426 1442 524 1495; x_wconf 89' lang='grc'>127,</span> <span class='ocrx_word' id='word_1_87' title='bbox 550 1442 607 1483; x_wconf 85' lang='grc'>30</span> <span class='ocrx_word' id='word_1_88' title='bbox 641 1436 873 1481; x_wconf 78' lang='lat' dir='ltr'>‘iuxtim</span> <span class='ocrx_word' id='word_1_89' title='bbox 903 1450 987 1493; x_wconf 86' lang='lat' dir='ltr'>pro</span> <span class='ocrx_word' id='word_1_90' title='bbox 1018 1436 1151 1480; x_wconf 88' lang='lat' dir='ltr'>iuxta</span> <span class='ocrx_word' id='word_1_91' title='bbox 1184 1436 1271 1481; x_wconf 81' lang='lat'><strong>...²</strong></span> 
     </span>
    </p>
   </div>
   <div class='ocr_carea' id='block_1_10' title="bbox 163 1547 1414 1695">
    <p class='ocr_par' dir='ltr' id='par_1_10' title="bbox 163 1547 1414 1695">
     <span class='ocr_line' id='line_1_17' title="bbox 950 1547 1048 1594; baseline 0 0"><span class='ocrx_word' id='word_1_92' title='bbox 950 1547 1048 1594; x_wconf 84' lang='lat' dir='ltr'>VH</span> 
     </span>
     <span class='ocr_line' id='line_1_18' title="bbox 163 1622 1414 1695; baseline -0.003 -18"><span class='ocrx_word' id='word_1_93' title='bbox 163 1623 316 1695; x_wconf 74' lang='lat' dir='ltr'>Ipst&#39;ts</span> <span class='ocrx_word' id='word_1_94' title='bbox 355 1643 408 1677; x_wconf 88' lang='lat' dir='ltr'>se</span> <span class='ocrx_word' id='word_1_95' title='bbox 447 1625 504 1677; x_wconf 89' lang='lat' dir='ltr'>in</span> <span class='ocrx_word' id='word_1_96' title='bbox 543 1627 739 1677; x_wconf 87' lang='lat' dir='ltr'>terram</span> <span class='ocrx_word' id='word_1_97' title='bbox 778 1624 990 1676; x_wconf 71' lang='lat' dir='ltr'>salicius</span> <span class='ocrx_word' id='word_1_98' title='bbox 1029 1623 1173 1694; x_wconf 79' lang='lat' dir='ltr'>fligst,</span> <span class='ocrx_word' id='word_1_99' title='bbox 1211 1622 1414 1674; x_wconf 87' lang='lat' dir='ltr'>cadens.</span> 
     </span>
    </p>
   </div>
   <div class='ocr_carea' id='block_1_11' title="bbox 281 1723 1064 1871">
    <p class='ocr_par' dir='ltr' id='par_1_11' title="bbox 281 1723 1064 1871">
     <span class='ocr_line' id='line_1_19' title="bbox 281 1723 1064 1782; baseline 0 -13"><span class='ocrx_word' id='word_1_100' title='bbox 281 1725 399 1770; x_wconf 85' lang='lat' dir='ltr'>Non.</span> <span class='ocrx_word' id='word_1_101' title='bbox 427 1730 527 1782; x_wconf 91' lang='grc'>110,</span> <span class='ocrx_word' id='word_1_102' title='bbox 553 1730 608 1769; x_wconf 81' lang='lat'>29</span> <span class='ocrx_word' id='word_1_103' title='bbox 644 1724 826 1782; x_wconf 72' lang='lat' dir='ltr'>‘fligi‚</span> <span class='ocrx_word' id='word_1_104' title='bbox 859 1723 1064 1781; x_wconf 85' lang='lat' dir='ltr'>adfligi’.</span> 
     </span>
     <span class='ocr_line' id='line_1_20' title="bbox 281 1813 833 1871; baseline 0.002 -15"><span class='ocrx_word' id='word_1_105' title='bbox 281 1813 409 1870; x_wconf 85' lang='lat' dir='ltr'>ipsus</span> <span class='ocrx_word' id='word_1_106' title='bbox 440 1815 638 1859; x_wconf 78' lang='lat' dir='ltr'>Bothius</span> <span class='ocrx_word' id='word_1_107' title='bbox 667 1813 767 1871; x_wconf 88' lang='lat' dir='ltr'>ipse</span> <span class='ocrx_word' id='word_1_108' title='bbox 799 1831 833 1857; x_wconf 90' lang='grc' dir='ltr'><em>ω</em></span> 
     </span>
    </p>
   </div>
   <div class='ocr_carea' id='block_1_12' title="bbox 169 1879 1531 2025">
    <p class='ocr_par' dir='ltr' id='par_1_12' title="bbox 169 1879 1531 2025">
     <span class='ocr_line' id='line_1_21' title="bbox 937 1879 1062 1926; baseline 0 0"><span class='ocrx_word' id='word_1_109' title='bbox 937 1879 1062 1926; x_wconf 83' lang='lat' dir='ltr'>VHI</span> 
     </span>
     <span class='ocr_line' id='line_1_22' title="bbox 169 1954 1531 2025; baseline -0.002 -17"><span class='ocrx_word' id='word_1_110' title='bbox 169 1955 309 2019; x_wconf 86' lang='lat' dir='ltr'>Quin</span> <span class='ocrx_word' id='word_1_111' title='bbox 348 1957 491 2025; x_wconf 80' lang='lat' dir='ltr'>quod</span> <span class='ocrx_word' id='word_1_112' title='bbox 527 1974 712 2025; x_wconf 86' lang='lat' dir='ltr'>parere</span> <span class='ocrx_word' id='word_1_113' title='bbox 749 1954 955 2025; x_wconf 73' lang='lat' dir='ltr'>&lt;mffli&gt;</span> <span class='ocrx_word' id='word_1_114' title='bbox 993 1973 1091 2008; x_wconf 86' lang='lat' dir='ltr'>uos</span> <span class='ocrx_word' id='word_1_115' title='bbox 1128 1954 1376 2007; x_wconf 67' lang='lat' dir='ltr'>maiestas</span> <span class='ocrx_word' id='word_1_116' title='bbox 1414 1971 1531 2006; x_wconf 84' lang='lat' dir='ltr'>mea</span> 
     </span>
    </p>
   </div>
   <div class='ocr_carea' id='block_1_13' title="bbox 168 2042 1780 2195">
    <p class='ocr_par' dir='ltr' id='par_1_13' title="bbox 168 2042 1780 2195">
     <span class='ocr_line' id='line_1_23' title="bbox 168 2042 1517 2115; baseline -0.002 -18"><span class='ocrx_word' id='word_1_117' title='bbox 168 2043 386 2115; x_wconf 70' lang='lat' dir='ltr'>Procat7</span> <span class='ocrx_word' id='word_1_118' title='bbox 425 2045 665 2097; x_wconf 82' lang='lat' dir='ltr'>toleratis</span> <span class='ocrx_word' id='word_1_119' title='bbox 703 2044 1010 2113; x_wconf 73' lang='lat' dir='ltr'>temploque</span> <span class='ocrx_word' id='word_1_120' title='bbox 1047 2043 1185 2096; x_wconf 87' lang='lat' dir='ltr'>hanc</span> <span class='ocrx_word' id='word_1_121' title='bbox 1224 2042 1517 2095; x_wconf 68' lang='lat' dir='ltr'>dedficitis‘?</span> 
     </span>
     <span class='ocr_line' id='line_1_24' title="bbox 286 2133 1780 2195; baseline -0.004 -13"><span class='ocrx_word' id='word_1_122' title='bbox 286 2138 405 2183; x_wconf 90' lang='lat' dir='ltr'>Non.</span> <span class='ocrx_word' id='word_1_123' title='bbox 434 2143 502 2195; x_wconf 89' lang='grc'>23,</span> <span class='ocrx_word' id='word_1_124' title='bbox 529 2143 584 2182; x_wconf 85' lang='grc'>25</span> <span class='ocrx_word' id='word_1_125' title='bbox 621 2137 975 2195; x_wconf 81' lang='lat' dir='ltr'>‘procacitas</span> <span class='ocrx_word' id='word_1_126' title='bbox 1008 2151 1036 2181; x_wconf 93' lang='lat' dir='ltr'>a</span> <span class='ocrx_word' id='word_1_127' title='bbox 1065 2137 1302 2194; x_wconf 87' lang='lat' dir='ltr'>procando</span> <span class='ocrx_word' id='word_1_128' title='bbox 1333 2135 1410 2179; x_wconf 92' lang='lat' dir='ltr'>uel</span> <span class='ocrx_word' id='word_1_129' title='bbox 1440 2133 1701 2192; x_wconf 87' lang='lat' dir='ltr'>poscendo.</span> <span class='ocrx_word' id='word_1_130' title='bbox 1723 2169 1730 2177; x_wconf 95' lang='lat'>.</span> <span class='ocrx_word' id='word_1_131' title='bbox 1752 2134 1780 2177; x_wconf 88' lang='lat'>.’</span> 
     </span>
    </p>
   </div>
   <div class='ocr_carea' id='block_1_14' title="bbox 171 2222 1844 2461">
    <p class='ocr_par' dir='ltr' id='par_1_14' title="bbox 171 2222 1844 2461">
     <span class='ocr_line' id='line_1_25' title="bbox 291 2222 1844 2283; baseline -0.003 -15"><span class='ocrx_word' id='word_1_132' title='bbox 291 2230 315 2268; x_wconf 95' lang='lat'>1</span> <span class='ocrx_word' id='word_1_133' title='bbox 355 2239 460 2270; x_wconf 91' lang='lat' dir='ltr'>mea</span> <span class='ocrx_word' id='word_1_134' title='bbox 505 2239 589 2270; x_wconf 89' lang='lat' dir='ltr'>uos</span> <span class='ocrx_word' id='word_1_135' title='bbox 635 2225 857 2271; x_wconf 88' lang='lat' dir='ltr'>maiestas</span> <span class='ocrx_word' id='word_1_136' title='bbox 904 2227 1068 2283; x_wconf 87' lang='lat' dir='ltr'>procat</span> <span class='ocrx_word' id='word_1_137' title='bbox 1106 2226 1303 2271; x_wconf 77' lang='lat' dir='ltr'>Bothius</span> <span class='ocrx_word' id='word_1_138' title='bbox 1341 2227 1441 2282; x_wconf 88' lang='lat' dir='ltr'>(uos</span> <span class='ocrx_word' id='word_1_139' title='bbox 1479 2222 1701 2267; x_wconf 87' lang='lat' dir='ltr'>maiestas</span> <span class='ocrx_word' id='word_1_140' title='bbox 1739 2234 1844 2265; x_wconf 87' lang='lat' dir='ltr'>mea</span> 
     </span>
     <span class='ocr_line' id='line_1_26' title="bbox 174 2282 1843 2343; baseline -0.002 -16"><span class='ocrx_word' id='word_1_141' title='bbox 174 2286 338 2340; x_wconf 88' lang='lat' dir='ltr'>procat</span> <span class='ocrx_word' id='word_1_142' title='bbox 369 2285 551 2342; x_wconf 82' lang='lat' dir='ltr'>Havet)‚</span> <span class='ocrx_word' id='word_1_143' title='bbox 585 2300 698 2342; x_wconf 76' lang='lat' dir='ltr'>quae</span> <span class='ocrx_word' id='word_1_144' title='bbox 728 2287 808 2343; x_wconf 76' lang='lat' dir='ltr'>qui</span> <span class='ocrx_word' id='word_1_145' title='bbox 831 2287 1011 2342; x_wconf 74' lang='lat' dir='ltr'>probet,</span> <span class='ocrx_word' id='word_1_146' title='bbox 1044 2286 1179 2330; x_wconf 75' lang='lat' dir='ltr'>initio</span> <span class='ocrx_word' id='word_1_147' title='bbox 1208 2299 1248 2330; x_wconf 80' lang='lat' dir='ltr'>v,</span> <span class='ocrx_word' id='word_1_148' title='bbox 1279 2288 1335 2327; x_wconf 87' lang='lat'>14</span> <span class='ocrx_word' id='word_1_149' title='bbox 1364 2284 1485 2329; x_wconf 77' lang='lat' dir='ltr'>velut</span> <span class='ocrx_word' id='word_1_150' title='bbox 1512 2282 1635 2326; x_wconf 90' lang='lat' dir='ltr'>ultro</span> <span class='ocrx_word' id='word_1_151' title='bbox 1666 2282 1843 2338; x_wconf 73' lang='lat' dir='ltr'>supple-</span> 
     </span>
     <span class='ocr_line' id='line_1_27' title="bbox 173 2338 1844 2399; baseline -0.003 -12"><span class='ocrx_word' id='word_1_152' title='bbox 173 2345 298 2387; x_wconf 78' lang='lat' dir='ltr'>verit.</span> <span class='ocrx_word' id='word_1_153' title='bbox 388 2350 564 2389; x_wconf 76' lang='lat' dir='ltr'>secutus</span> <span class='ocrx_word' id='word_1_154' title='bbox 593 2359 633 2389; x_wconf 84' lang='lat' dir='ltr'>v.</span> <span class='ocrx_word' id='word_1_155' title='bbox 669 2349 723 2388; x_wconf 86' lang='lat'>13</span> <span class='ocrx_word' id='word_1_156' title='bbox 770 2345 999 2390; x_wconf 78' lang='lat' dir='ltr'>Havetum</span> <span class='ocrx_word' id='word_1_157' title='bbox 1026 2359 1066 2390; x_wconf 80' lang='lat' dir='ltr'>v.</span> <span class='ocrx_word' id='word_1_158' title='bbox 1103 2348 1159 2388; x_wconf 83' lang='lat'>14</span> <span class='ocrx_word' id='word_1_159' title='bbox 1203 2342 1417 2388; x_wconf 86' lang='lat' dir='ltr'>toleratis</span> <span class='ocrx_word' id='word_1_160' title='bbox 1449 2343 1496 2399; x_wconf 75' lang='lat' dir='ltr'>(i.</span> <span class='ocrx_word' id='word_1_161' title='bbox 1523 2357 1556 2387; x_wconf 83' lang='lat' dir='ltr'>e.</span> <span class='ocrx_word' id='word_1_162' title='bbox 1598 2338 1844 2395; x_wconf 82' lang='lat' dir='ltr'>amouetis)</span> 
     </span>
     <span class='ocr_line' id='line_1_28' title="bbox 171 2398 1844 2461; baseline -0.001 -17"><span class='ocrx_word' id='word_1_163' title='bbox 171 2401 346 2457; x_wconf 90' lang='lat' dir='ltr'>templo</span> <span class='ocrx_word' id='word_1_164' title='bbox 394 2402 652 2461; x_wconf 85' lang='lat' dir='ltr'>&lt;leto&gt;que</span> <span class='ocrx_word' id='word_1_165' title='bbox 697 2403 741 2448; x_wconf 88' lang='lat' dir='ltr'>h.</span> <span class='ocrx_word' id='word_1_166' title='bbox 790 2403 834 2448; x_wconf 85' lang='lat' dir='ltr'>d.</span> <span class='ocrx_word' id='word_1_167' title='bbox 882 2405 996 2449; x_wconf 78' lang='lat' dir='ltr'>conl.</span> <span class='ocrx_word' id='word_1_168' title='bbox 1045 2402 1147 2448; x_wconf 74' lang='lat' dir='ltr'>Sen.</span> <span class='ocrx_word' id='word_1_169' title='bbox 1193 2402 1356 2461; x_wconf 74' lang='lat' dir='ltr'>Aqam.</span> <span class='ocrx_word' id='word_1_170' title='bbox 1405 2405 1503 2446; x_wconf 83' lang='lat'>951.</span> <span class='ocrx_word' id='word_1_171' title='bbox 1538 2404 1623 2444; x_wconf 84' lang='lat'>986</span> <span class='ocrx_word' id='word_1_172' title='bbox 1640 2414 1701 2457; x_wconf 74' lang='lat' dir='ltr'>sq.</span> <span class='ocrx_word' id='word_1_173' title='bbox 1749 2398 1844 2442; x_wconf 85' lang='lat' dir='ltr'>Leo</span> 
     </span>
    </p>
   </div>
   <div class='ocr_carea' id='block_1_15' title="bbox 173 2460 1398 2634">
    <p class='ocr_par' dir='ltr' id='par_1_15' title="bbox 173 2460 1398 2634">
     <span class='ocr_line' id='line_1_29' title="bbox 173 2460 1398 2519; baseline 0.002 -16"><span class='ocrx_word' id='word_1_174' title='bbox 173 2460 330 2505; x_wconf 78' lang='lat' dir='ltr'>Plaut.</span> <span class='ocrx_word' id='word_1_175' title='bbox 366 2460 549 2506; x_wconf 75' lang='lat' dir='ltr'>Forsch.</span> <span class='ocrx_word' id='word_1_176' title='bbox 583 2465 638 2505; x_wconf 85' lang='grc'>82</span> <span class='ocrx_word' id='word_1_177' title='bbox 701 2467 726 2506; x_wconf 86' lang='grc'>2</span> <span class='ocrx_word' id='word_1_178' title='bbox 759 2463 924 2519; x_wconf 90' lang='lat' dir='ltr'>topper</span> <span class='ocrx_word' id='word_1_179' title='bbox 953 2460 1213 2519; x_wconf 85' lang='lat' dir='ltr'>properatis</span> <span class='ocrx_word' id='word_1_180' title='bbox 1247 2461 1398 2507; x_wconf 81' lang='lat' dir='ltr'>Havet</span> 
     </span>
     <span class='ocr_line' id='line_1_30' title="bbox 630 2583 1390 2634; baseline -0.003 0"><span class='ocrx_word' id='word_1_181' title='bbox 630 2585 794 2634; x_wconf 91' lang='lat' dir='ltr'>AIAX</span> <span class='ocrx_word' id='word_1_182' title='bbox 831 2583 1390 2634; x_wconf 82' lang='lat' dir='ltr'><strong>MASTIGOPHORVS</strong></span> 
     </span>
    </p>
   </div>
   <div class='ocr_carea' id='block_1_16' title="bbox 89 2674 1843 2891">
    <p class='ocr_par' dir='ltr' id='par_1_16' title="bbox 89 2674 1843 2891">
     <span class='ocr_line' id='line_1_31' title="bbox 996 2674 1022 2721; baseline 0 0"><span class='ocrx_word' id='word_1_183' title='bbox 996 2674 1022 2721; x_wconf 92' lang='lat' dir='ltr'>I</span> 
     </span>
     <span class='ocr_line' id='line_1_32' title="bbox 89 2746 1579 2818; baseline -0.003 -17"><span class='ocrx_word' id='word_1_184' title='bbox 89 2761 144 2801; x_wconf 89' lang='lat'>15</span> <span class='ocrx_word' id='word_1_185' title='bbox 176 2746 373 2799; x_wconf 65' lang='lat' dir='ltr'>Miriim</span> <span class='ocrx_word' id='word_1_186' title='bbox 410 2748 643 2818; x_wconf 82' lang='lat' dir='ltr'>uidetur,</span> <span class='ocrx_word' id='word_1_187' title='bbox 683 2749 826 2818; x_wconf 77' lang='lat' dir='ltr'>quod</span> <span class='ocrx_word' id='word_1_188' title='bbox 863 2750 934 2802; x_wconf 89' lang='lat' dir='ltr'>sit</span> <span class='ocrx_word' id='word_1_189' title='bbox 970 2750 1172 2802; x_wconf 83' lang='lat' dir='ltr'>factum</span> <span class='ocrx_word' id='word_1_190' title='bbox 1210 2749 1318 2801; x_wconf 70' lang='lat' dir='ltr'>iam</span> <span class='ocrx_word' id='word_1_191' title='bbox 1358 2747 1447 2799; x_wconf 87' lang='lat' dir='ltr'>diu</span> <span class='ocrx_word' id='word_1_192' title='bbox 1473 2746 1579 2798; x_wconf 84' lang='lat'>—-‘?</span> 
     </span>
     <span class='ocr_line' id='line_1_33' title="bbox 255 2830 1843 2891; baseline 0.002 -15"><span class='ocrx_word' id='word_1_193' title='bbox 255 2880 259 2885; x_wconf 53' lang='grc'>,</span> <span class='ocrx_word' id='word_1_194' title='bbox 290 2832 409 2877; x_wconf 85' lang='lat' dir='ltr'>Non.</span> <span class='ocrx_word' id='word_1_195' title='bbox 438 2839 543 2889; x_wconf 83' lang='lat'>127,</span> <span class='ocrx_word' id='word_1_196' title='bbox 569 2839 623 2878; x_wconf 89' lang='lat'>16</span> <span class='ocrx_word' id='word_1_197' title='bbox 666 2834 906 2878; x_wconf 87' lang='lat' dir='ltr'>‘iamdiu</span> <span class='ocrx_word' id='word_1_198' title='bbox 943 2849 1026 2891; x_wconf 87' lang='lat' dir='ltr'>pro</span> <span class='ocrx_word' id='word_1_199' title='bbox 1067 2834 1272 2880; x_wconf 87' lang='lat' dir='ltr'>olim</span> <span class='ocrx_word' id='word_1_200' title='bbox 1305 2832 1501 2876; x_wconf 81' lang='lat' dir='ltr'>Liuius</span> <span class='ocrx_word' id='word_1_201' title='bbox 1532 2830 1726 2875; x_wconf 79' lang='lat' dir='ltr'>Aiace:</span> <span class='ocrx_word' id='word_1_202' title='bbox 1758 2830 1843 2874; x_wconf 74' lang='lat' dir='ltr'>mi-</span> 
     </span>
    </p>
   </div>
   <div class='ocr_carea' id='block_1_17' title="bbox 175 2891 495 2946">
    <p class='ocr_par' dir='ltr' id='par_1_17' title="bbox 175 2891 495 2946">
     <span class='ocr_line' id='line_1_34' title="bbox 175 2891 495 2946; baseline 0.009 -14"><span class='ocrx_word' id='word_1_203' title='bbox 175 2891 294 2933; x_wconf 84' lang='lat' dir='ltr'>rum’</span> <span class='ocrx_word' id='word_1_204' title='bbox 330 2904 366 2935; x_wconf 90' lang='lat' dir='ltr'>e.</span> <span class='ocrx_word' id='word_1_205' title='bbox 394 2905 435 2946; x_wconf 90' lang='lat' dir='ltr'>q.</span> <span class='ocrx_word' id='word_1_206' title='bbox 463 2906 495 2936; x_wconf 79' lang='lat' dir='ltr'>s,</span> 
     </span>
    </p>
   </div>
  </div>
 </body>
</html>
