1980 3146
181 99 291 150 224
870 100 918 144 L.
951 99 1161 144 ACCIVS

182 231 321 288 erigit
361 237 463 288 post
511 231 782 288 Schoppium
819 232 922 276 Bue
1042 233 1197 276 saetas
1236 233 1339 277 Bue
1385 235 1539 277 aestas
1570 243 1608 287 ψ
1655 236 1862 277 extuans*

181 292 332 335 Palat.
370 293 587 334 aestuans
630 290 894 335 Gebhardus
933 292 1119 334 aestuat
1151 292 1395 336 Fruterius
1433 306 1544 348 aper
1582 295 1736 336 saetas
1770 307 1854 348 po-

180 364 370 405 sueram,
402 355 454 393 ut
482 363 689 393 numeros
719 351 940 406 emplerem

995 423 1042 468 V

185 505 426 558 Gaddent
468 509 689 559 currunt
726 507 1016 576 celebrant,
1062 507 1283 560 herbam
1322 509 1602 560 conferunt
1641 508 1854 576 donant,

1237 600 1440 666 tenent,

96 693 180 732 445
198 683 303 736 Pro
342 702 397 736 se
437 684 660 753 quisque
699 687 819 736 011111
858 703 1052 738 corona
1091 685 1291 737 clarum
1331 686 1569 738 conestat
1607 688 1778 754 caput.

300 777 418 821 Non.
453 783 558 834 317,
587 782 640 821 15
698 778 955 822 ‘herbam
1007 781 1187 823 ueteres
1224 778 1443 836 ,palmam
1488 778 1565 822 uel
1610 777 1855 822 uictoriam

185 835 278 879 dici
308 836 474 880 uolunt
500 874 508 881 .
530 873 537 880 .
559 837 586 881 .’

304 922 327 961 1
362 919 608 961 conterunt
638 919 682 962 L
803 923 828 961 2
861 916 985 976 cum]
1019 932 1215 974 cumque
1246 920 1292 962 B
1412 920 1624 962 conestat
1653 933 1705 973 ω,
1732 924 1854 975 post-

185 992 323 1034 quam
360 977 634 1021 cohonestat
672 979 742 1034 (ut
771 978 1022 1034 Bentleius)
1053 980 1323 1023 inveneram.
1365 980 1549 1022 constat
1581 978 1637 1021 Η
1641 978 1758 1021 LW
1781 991 1855 1021 co-

184 1038 345 1080 nectat
375 1036 475 1080 BG
506 1036 765 1080 conlustrat
797 1037 998 1095 Scaliyer

986 1124 1059 1172 VI

192 1208 354 1261 Cusus
393 1209 610 1261 exuuias
650 1211 703 1261 et
742 1227 990 1262 coronam
1028 1209 1153 1261 huic
1191 1209 1492 1261 mlinerauit
1529 1209 1744 1279 uirgini.

306 1302 424 1346 Non.
457 1307 565 1358 499,
593 1307 645 1346 11
697 1302 956 1346 ‘datiuus
1001 1317 1085 1360 pro
1131 1302 1400 1347 accusatiuo
1428 1339 1437 1347 .
1466 1339 1475 1347 .
1502 1338 1511 1347 .
1543 1301 1716 1345 Abius
1765 1302 1860 1344 Me-

190 1362 348 1418 leagro
375 1399 383 1406 .
411 1397 420 1406 .
449 1362 476 1406 .’
540 1361 761 1418 (Accius
792 1361 983 1419 Aldina)

974 1473 1073 1520 VH

189 1556 450 1609 Remanet
494 1557 666 1627 gloria
713 1557 854 1625 apud
898 1575 1004 1609 me:
1053 1558 1271 1609 exuuias
1318 1556 1533 1627 (lignani
1579 1554 1862 1608 Atalantae

1249 1646 1386 1698 dare.

308 1739 426 1783 Non.
453 1743 552 1795 470,
573 1743 627 1782 17
655 1738 918 1795 ‘dignaui
941 1753 1024 1796 pro
1050 1738 1269 1796 dignatus
1295 1754 1396 1782 sum
1412 1738 1489 1782 uel
1506 1737 1698 1795 dignum
1715 1736 1858 1780 duxi?

963 1849 1088 1897 VIII

1074 1925 1262 1977 timida
1299 1925 1565 1994 eh'minor,
1604 1928 1605 1932 ’

193 2014 327 2083 (E)
365 2015 593 2066 clamore
633 2013 795 2065 simul
832 2031 892 2065 ac
929 2017 1058 2066 nota
1094 2015 1203 2065 uox
1241 2013 1307 2064 ad
1345 2013 1487 2064 auris
1527 2013 1731 2065 accidit.

311 2107 430 2151 Non.
463 2112 540 2163 39,
573 2111 601 2150 4
651 2106 995 2162 ‘eliminare‚
1048 2108 1178 2150 extra
1223 2105 1367 2149 limen
1414 2105 1673 2150 eicere...’
1738 2104 1867 2148 Idem

195 2172 302 2219 292,
328 2172 383 2210 :20
429 2165 752 2209 ‘eliminare
800 2169 871 2209 est
910 2165 1033 2209 exire
1182 2164 1349 2208 Accius
1389 2164 1621 2208 Foenissis
1741 2163 1865 2206 idem

194 2226 429 2282 Meleagro
457 2261 465 2270 .
486 2262 493 2268 .
515 2226 542 2269 .’

314 2311 337 2350 1
370 2305 535 2349 timide
566 2305 753 2350 liminor
777 2306 840 2349 L1
869 2308 971 2349 tum
1000 2307 1054 2348 ut
1077 2304 1324 2349 deliminor
1346 2306 1402 2349 H
1412 2305 1427 2330 ¹
1449 2307 1550 2347 tum
1572 2306 1626 2347 ut
1653 2302 1867 2347 eliminor

195 2366 251 2408 H
259 2365 416 2410 ²L2W
426 2381 473 2421 p.
493 2370 548 2408 39
572 2364 767 2409 timidae
792 2365 1005 2408 eliminor
1031 2365 1200 2420 GHp.
1217 2369 1302 2408 292
1327 2363 1491 2407 timide
1515 2362 1691 2418 011111.φ
1782 2366 1807 2404 2
1841 2374 1866 2404 e

195 2439 277 2468 om.
303 2442 338 2468 ω
363 2438 467 2467 011111
491 2425 684 2468 Bothius
766 2426 941 2480 agnota
964 2442 999 2466 ω
1017 2438 1064 2480 p.
1092 2428 1176 2466 292
1253 2422 1425 2466 accinit
1449 2440 1483 2466 ω
1501 2437 1549 2478 p.
1576 2427 1661 2465 292
1741 2420 1866 2464 Octo-

195 2485 381 2528 narium
403 2482 502 2526 tim.
529 2483 584 2527 01.
604 2482 804 2527 clamore
824 2520 831 2527 .
852 2519 860 2527 .
883 2520 890 2526 .
909 2482 1033 2526 auris
1062 2485 1067 2539 Ι
1096 2481 1268 2525 accidit
1290 2482 1554 2526 continuari
1575 2481 1747 2524 mavult
1765 2480 1867 2522 Bue

999 2592 1070 2639 IX

109 2683 194 2722 450
213 2669 351 2722 Heni!
399 2688 490 2722 cor
528 2670 607 2721 ira
645 2670 808 2721 seruit
846 2687 1080 2738 caecum,
1123 2668 1354 2719 amentia
1391 2667 1571 2734 rapior
1606 2665 1867 2732 ferorque.

314 2762 432 2807 Non.
474 2767 580 2819 503,
617 2767 640 2806 7
699 2762 900 2805 ‘feruit
951 2775 1035 2818 pro
1089 2761 1240 2804 feruet
1272 2796 1280 2804 .
1309 2795 1319 2804 .
1348 2795 1356 2803 .
1385 2760 1412 2803 .’
1477 2756 1739 2814 (Omittitur
1791 2756 1866 2799 hic

199 2821 327 2864 locus
358 2821 408 2863 in
438 2821 515 2878 W)

315 2900 526 2956 ferorque
559 2902 788 2944 Benti‘nus
818 2902 1062 2955 feruorque
1093 2918 1128 2943 ω
