1980 3146
790 93 839 137 L.
873 93 1082 138 ACClVS
1315 116 1318 118 ’
1667 93 1700 144 2
1709 94 1776 146 15

93 226 358 270 custodem’
393 239 431 270 e.
465 241 508 281 q.
541 241 574 270 s.
622 225 842 282 (Accius
874 226 931 269 in
961 225 1086 270 ioae
1118 226 1271 284 Bern.)
1315 226 1445 271 Idem
1474 225 1615 284 paulo
1646 229 1775 284 post:

99 285 246 341 ‘quod
284 287 442 329 autem
479 284 602 329 Ionis
643 287 690 329 et
728 284 1002 342 Calypsonis
1033 288 1082 330 et
1110 285 1310 330 Didonis⁴
1339 285 1529 342 dicitur,
1571 285 1778 330 ostendit

100 343 188 388 hoc
235 343 379 388 etiam
425 343 679 388 Caesellius
717 343 935 388 Vindex.
985 344 1188 389 ,Accius
1234 344 1284 388 in
1328 345 1461 390 Ione·
1514 345 1772 389 custodem’

99 416 139 446 e.
170 418 214 459 q
248 418 282 446 s.
346 403 497 460 (Ione
528 403 710 447 Veneta
744 409 767 446 1
800 403 890 447 ioe
920 381 1047 460 libri)
1108 403 1343 448 Charisius
1376 419 1420 460 p
1445 409 1502 448 47
1526 405 1576 449 Ρ.
1612 403 1774 447 ‘huius

100 461 246 505 Didus
271 461 484 519 Sapphus
508 462 631 507 Inus.
680 462 771 506 Sed
801 461 967 506 melius
1000 465 1123 506 esset
1154 463 1407 507 secundum
1429 463 1645 507 Latinam
1667 477 1775 507 con-

89 520 390 565 suetudinem
420 521 558 564 huius
584 520 859 578 Sapphonis,
890 520 1087 565 Didonis
1112 521 1278 566 dicere.
1325 522 1448 566 Nam
1472 524 1520 566 et
1542 522 1774 566 Pacuuius

96 579 165 624 sic
197 580 497 625 declinat...
531 582 579 625 et
608 579 798 626 Accius:
832 580 1090 624 custodem’
1125 594 1162 626 e.
1196 596 1239 637 q.
1273 596 1307 624 s.

216 668 415 713 adsiduu
451 667 597 712 minoi
637 669 840 714 Charisii
869 670 964 713 cod.
1056 668 1299 725 adpossuit
1336 670 1430 714 cod
1466 669 1664 715 Charisii
1694 684 1775 727 op-

95 727 255 784 posuit
299 730 439 773 altero
485 729 630 772 Prisc.
679 729 772 772 loco
819 727 958 786 Sauy.
1004 726 1212 771 instituit
1248 738 1287 783 ψ
1327 735 1510 785 praeter
1548 729 1685 787 Sauq.
1732 734 1775 774 et

102 787 234 832 Grut.
276 790 415 832 altero
446 786 683 832 Prisciani
712 788 827 842 loco,
867 788 946 844 qui
975 801 1031 832 ecc
1062 786 1267 832 Caesellii
1305 788 1509 832 Vindicis
1538 794 1774 833 stromateo

93 852 300 903 sumptus
330 853 404 891 est.
462 847 620 890 Vtrum
652 822 871 902 adposuit
900 861 964 890 cm
993 845 1202 890 instituit
1229 848 1463 904 scripserit
1477 853 1615 903 poeta
1638 848 1773 891 etiam

95 921 120 950 1
122 907 339 950 eceritiore
363 906 558 962 perfecti
586 906 734 959 forma
764 904 923 961 posuit
954 906 1142 950 dubium
1171 907 1303 951 reddi
1326 907 1478 951 docuit
1500 906 1775 951 Bitschelius

89 979 239 1021 opusc.
272 964 336 1008 IV
362 968 443 1008 121
477 965 534 1020 cf.
568 964 733 1009 Plauti
763 965 921 1009 Aulul.
955 968 1040 1008 556

910 1103 962 1151 H

90 1188 324 1257 T6pper,
361 1191 424 1240 ut
462 1189 547 1257 fit,
584 1188 755 1257 patris
794 1191 847 1240 te
886 1188 1042 1241 eiecit
1078 1187 1159 1240 ira
1199 1230 1416 1242 .....

205 1289 370 1333 Festus
401 1304 445 1345 p.
472 1293 556 1332 352
582 1288 643 1333 M.
710 1289 938 1346 ‘topper
970 1316 1024 1322 -—
1058 1315 1113 1322 -—
1147 1315 1201 1322 —
1233 1289 1454 1346 fortasse,
1493 1289 1559 1333 sic
1598 1289 1766 1333 Accius

88 1349 139 1392 in
171 1349 242 1394 Io:
275 1349 466 1405 topper’
502 1362 540 1392 e.
573 1363 616 1403 q.
651 1363 685 1393 s,

203 1439 251 1480 te
291 1436 428 1480 eiecit
460 1438 675 1481 Vaticani
705 1437 797 1482 RS
833 1443 937 1482 teste
968 1437 1255 1482 Mommseuo·
1286 1440 1333 1482 te
1366 1437 1478 1482 eicit
1509 1438 1657 1494 Neap.
1689 1440 1771 1482 ten

83 1495 198 1540 eicit
237 1497 429 1540 Vrsinus
466 1496 548 1540 ted
587 1495 698 1539 eicit
740 1496 788 1541 Ο.
824 1496 1078 1542 Muellerus
1122 1519 1124 1522 >
1200 1496 1270 1541 ira
1313 1498 1506 1542 Vrsinus
1544 1497 1638 1540 iras
1681 1499 1765 1542 cod

81 1555 209 1599 foras
242 1554 454 1601 Faernus

882 1636 960 1684 ΙΠ

261 1764 271 1773 .
351 1720 672 1789 quibusnam
711 1723 764 1772 te
803 1719 989 1772 aibant
1027 1722 1269 1773 exortam
1305 1722 1475 1774 locis?

202 1820 467 1865 Priscianus
498 1836 542 1878 p.
570 1826 655 1865 906
680 1821 729 1865 Ρ.
786 1820 971 1865 ‘Accius
1004 1820 1054 1865 in
1084 1822 1216 1867 Ione:
1248 1822 1585 1878 quibusnam..
1608 1821 1764 1878 .locis,

83 1894 168 1936 pro
201 1879 407 1936 aiebant,
440 1880 566 1936 quod
596 1879 643 1923 in
676 1880 766 1924 hac
798 1880 1130 1937 coniugatione
1162 1881 1263 1925 fieri
1294 1881 1446 1926 solet.’
1485 1881 1629 1938 (ione
1652 1881 1765 1939 Reg.

85 1954 144 1982 m.
174 1944 196 1982 1
230 1939 399 1984 Halbf?
430 1939 519 1983 ioe
549 1949 588 1996 ψ
620 1953 683 1984 00
715 1939 875 1996 Sang.)

202 2029 411 2071 exortam
447 2029 611 2084 scripsi
649 2030 803 2072 ortum
836 2046 871 2072 ω
1003 2028 1286 2084 quibusnam
1323 2031 1371 2073 te
1411 2031 1563 2073 ortum
1602 2028 1766 2072 aibant

83 2085 230 2131 locis?
262 2087 459 2132 Bothius

1769 1706 1854 1746 388

1768 1780 1854 1820 389

698 2197 1145 2246 PROMETHEVS

201 2292 498 2337 Pnonmmnvs
530 2293 695 2337 eadem
725 2293 923 2338 fortasse
955 2294 1132 2339 fabula.

911 2390 938 2437 I

180 2513 190 2523 .
230 2474 346 2522 ttim
384 2471 634 2540 profusus
670 2473 885 2526 flamine
923 2474 1148 2527 hiberno
1188 2474 1339 2544 gelus
1762 2503 1848 2541 390

202 2571 467 2615 Priscianus
506 2587 549 2628 p.
585 2576 668 2616 685
693 2573 744 2618 P.
809 2574 922 2618 ‘hoc
969 2589 1132 2630 cornu,
1187 2573 1385 2629 tonitru,
1439 2587 1559 2639 quae
1604 2576 1762 2618 tamen

83 2629 404 2685 antiquissimi
443 2630 745 2675 inueniuntur
781 2632 831 2676 in
869 2648 956 2677 um
987 2647 1170 2689 quoque
1201 2632 1486 2689 proferentes
1516 2631 1567 2675 in
1598 2633 1760 2677 eodem

82 2702 274 2745 genere,
317 2691 364 2732 et
397 2690 448 2732 in
478 2704 539 2733 us
570 2703 739 2747 genere
769 2692 1056 2748 proferentes
1087 2690 1344 2735 masculino
1377 2693 1425 2734 et
1455 2693 1649 2746 quartae
1682 2692 1777 2736 de-

83 2747 391 2792 clinationis.
444 2749 645 2792 ,Accius
683 2749 733 2792 in
770 2750 1081 2795 Prometheo.
1148 2751 1175 2794 .’
1239 2750 1358 2794 Non.
1396 2753 1502 2805 208,
1530 2755 1552 2792 1
1604 2750 1759 2807 ‘gelu

145 2785 461 2852 ‚masculini
513 2807 714 2852 ‚Accius
745 2808 1020 2854 Prometheo
1048 2844 1086 2854 ..
1106 2810 1134 2852 .’
1199 2809 1255 2853 cf.
1289 2807 1446 2852 coroll.
1479 2766 1660 2854 LVH.g

200 2897 301 2938 tum
331 2909 414 2940 om.
449 2843 719 2941 Priscianus
749 2897 879 2940 humi
911 2899 1133 2955 Berykius
