1980 3146
39 975 94 1013 50

130 99 235 152 164
819 96 869 140 L.
901 55 1110 141 ACCIVS

813 293 1116 343 ERIGONA
1167 280 1169 283 ‘

950 398 976 446 I

125 485 416 537 Locrorum
455 484 561 536 late
604 483 796 536 uiridia
835 486 888 535 et
925 483 1144 553 frugum
1184 481 1350 534 libera

242 585 360 629 Non.
394 590 502 642 498,
537 590 563 629 5
613 583 944 642 ‘genetiuus
990 583 1172 640 positus
1217 596 1301 639 pro
1350 581 1560 626 ablatiuo
1607 581 1684 626 uel
1723 582 1808 625 ad-

125 644 284 688 uerbio
316 643 409 688 loci
435 680 445 690 .
466 681 474 689 .
495 645 523 690 .’

241 733 491 778 Locrorum
522 734 629 778 Αἶά.
663 733 903 776 locronum
934 750 968 776 ω
999 731 1208 776 locorum
1238 732 1436 775 Bothius
1465 729 1675 773 lucorum
1702 730 1805 774 Bue

936 871 988 918 II

126 957 406 1010 Adsentio:
447 974 544 1027 age
581 974 723 1008 nunc
762 958 822 1007 tii
861 958 1009 1007 tuam
1047 955 1357 1026 progeniem
1396 954 1577 1023 profer
1608 954 1808 1006 ordine.

241 1058 360 1102 Non.
409 1061 607 1114 469,18
665 1055 976 1100 ‘adsensit’
1034 1055 1311 1112 (adsentit
1363 1056 1545 1113 Bamb.)
1610 1057 1707 1099 ‘est
1760 1057 1808 1100 et

127 1117 381 1175 passiuum
442 1115 611 1160 Accius
641 1114 1017 1172 Neoptolemo..
1040 1114 1200 1160 ,idem
1230 1114 1501 1172 Erigona..

241 1205 396 1275 profer
433 1206 614 1262 scripsi:
656 1207 711 1261 cf.
756 1207 854 1250 Ter.
889 1206 1070 1250 thm.
1104 1208 1190 1248 395
1223 1206 1270 1248 et
1301 1222 1336 1248 ω
1462 1204 1580 1248 Olim
1610 1204 1809 1248 Mercari

125 1281 247 1311 senav
249 1281 354 1310 111111
386 1263 619 1309 adsentio:
654 1277 740 1321 age
771 1278 894 1308 nunc
925 1266 1057 1308 tuam
1086 1279 1130 1320 p.
1165 1263 1251 1307 ede
1283 1262 1445 1307 ordine
1470 1265 1724 1320 probabam

930 1405 1007 1452 III

127 1491 409 1560 Hospitem
449 1489 744 1559 depositam
782 1489 1103 1542 interemes‘?

1547 1448 1551 1475 1

243 1591 363 1636 Νο11.
399 1596 498 1647 279,
526 1596 578 1635 11
616 1591 925 1647 ‘deponere
957 1592 1029 1634 est
1060 1590 1417 1634 commendare.'

129 1740 185 1783 Η
244 1679 487 1784 hospita&
512 1681 558 1724 B
662 1679 909 1723 interemes
942 1679 1109 1725 BGH
1112 1679 1155 1722 L
1186 1677 1425 1722 interimes
1459 1696 1493 1734 φ
1593 1676 1808 1734 deposita

210 1756 230 1785 e
261 1754 390 1796 corr„

931 1819 1004 1867 IV

131 1905 282 1968 Qu6d
319 1905 525 1957 utinam
564 1922 649 1956 me
689 1903 799 1956 suss
838 1904 1141 1973 arquitenes
1180 1903 1302 1955 telis
1339 1904 1624 1955 mactasset
1664 1902 1779 1955 dea!

245 2006 364 2051 Non.
402 2010 502 2061 341,
528 2009 583 2049 25
619 2006 892 2049 ‘mactare
925 2006 996 2049 est
1026 2004 1269 2048 immolare
1296 2005 1384 2049 ...’

246 2093 512 2150 arquitenes
545 2112 593 2150 ω,
627 2095 820 2151 antiqua
849 2095 1080 2150 scriptura

947 2233 993 2279 V

132 2317 267 2369 Tum
307 2321 483 2370 autem
521 2316 814 2389 Aegisthus
853 2317 904 2370 ss
937 2317 1059 2369 med
1097 2317 1282 2370 eodem
1320 2316 1458 2369 lecto
1506 2316 1809 2368 comitasset

1191 2406 1353 2474 patri!

249 2513 368 2558 Non.
401 2518 561 2571 85,14
602 2513 965 2558 ‘comitasset
1008 2527 1092 2570 pro
1137 2512 1403 2557 cobuisset.'
1469 2512 1808 2578 (cobitasset

135 2572 388 2616 Salmasius
487 2572 786 2617 cubuisset
830 2572 993 2617 Bamb.
1042 2572 1454 2616 concubuisset
1498 2570 1650 2615 Vatic.
1693 2574 1807 2613 2916

135 2630 495 2676 cohibuisset
527 2631 717 2689 Onions)

250 2727 357 2770 med
389 2728 645 2773 Palmerius
673 2741 748 2771 me
779 2741 880 2771 esse
912 2745 968 2784 ω,
1009 2729 1128 2784 quod
1157 2726 1291 2771 meed
1321 2725 1610 2782 interpretari
1641 2726 1808 2780 possis:

136 2786 191 2838 ef.
231 2800 269 2829 v.
304 2790 329 2828 8
370 2793 411 2830 et
449 2791 504 2829 36
542 2800 617 2830 me
657 2800 712 2830 ex
750 2787 852 2830 Bue
890 2800 964 2830 me
1006 2787 1193 2831 Grotius
1311 2783 1406 2827 leto
1449 2783 1655 2838 Grotius,
1701 2783 1810 2826 Pal-

135 2845 300 2944 {nerizs
419 2858 523 2887 cum
570 2847 725 2888 autem
770 2846 823 2888 A.
861 2872 913 2878 --
950 2845 1041 2888 heu
1086 2850 1180 2888 me!
1222 2869 1276 2877 —-
1317 2842 1479 2886 eodem
1517 2841 1639 2885 lecto
1681 2841 1808 2885 cubi-

158 2914 259 2944 asse
311 2916 355 2957 p.
389 2917 421 2946 ω
