2020 3140
378 91 460 134 EX
490 90 766 136 INOERTIS
798 58 1197 135 INCERTORVM
1227 90 1479 135 FABVLIS
1661 91 1768 142 285

859 231 998 278 XLII

90 315 205 379 Qua
243 319 558 385 tempestate
590 315 851 368 Helenam
879 314 1033 367 Paris
1072 315 1312 384 innuptis
1345 315 1523 367 iunxit
1550 315 1770 384 nuptii87
1802 327 1858 365 80

86 403 222 475 'Ego
285 407 402 457 tum
459 404 682 475 grauida
736 404 962 473 expletis
1016 403 1124 456 iam
1175 404 1285 456 fere
1339 404 1406 456 ad
1456 403 1771 473 pariendum

1104 547 1107 550 Α
1150 492 1446 561 mensibUS‚

87 581 191 633 Per
236 581 378 634 idem
426 585 635 650 tempus
671 581 1001 649 Polydorum
1040 580 1262 632 Hecuba
1303 582 1462 649 partu
1499 583 1771 650 postremo

1149 669 1306 737 parit.

210 763 369 808 Cicero
402 763 460 806 de
492 764 606 806 orat.
631 762 697 805 HI
720 766 791 819 58,
816 768 901 806 219
937 761 1118 805 ‘aliud’
1154 761 1298 818 (vocis
1329 776 1474 818 genus
1500 762 1591 806 sibi
1615 763 1774 820 sumit)

93 822 349 867 ‘molestiaz
390 821 489 865 sine
528 820 929 865 commiseratione
966 834 1111 878 graue
1142 821 1380 876 quoddam
1412 824 1459 864 et
1489 836 1581 865 uno
1612 836 1774 878 pressu

91 896 147 925 ac
194 896 307 926 sono
355 881 630 925 obductum:
677 895 785 936 qua
829 881 1204 937 tempestate’
1239 893 1278 923 e.
1310 894 1354 935 q.
1388 895 1421 925 s,
1484 881 1614 924 Idem
1656 884 1772 924 orat.

90 946 169 996 49,
198 946 282 984 164
332 941 501 995 ‘quare
547 939 761 983 bonitate
806 939 963 996 potius
1001 941 1266 983 nostrorum
1303 939 1552 982 uerborum
1589 942 1776 983 utamur

91 1015 233 1056 quam
265 999 510 1056 splendore
543 998 837 1055 Graecorum,
868 998 961 1042 nisi
991 998 1112 1042 forte
1145 997 1211 1042 sic
1242 997 1374 1053 loqui
1402 998 1634 1055 paenitet:
1667 1013 1776 1055 qua

91 1061 126 1104 t.
150 1059 424 1103 Helenam
446 1058 496 1102 P.
529 1060 577 1101 et
608 1072 727 1113 quae
760 1059 1047 1114 sequuntur.’
1097 1057 1167 1100 Ex
1195 1057 1390 1101 Pacuvii
1416 1057 1567 1102 Hiona
1591 1061 1777 1115 sumpta

94 1132 194 1162 esse
225 1116 461 1161 intellexit
490 1117 777 1161 Welckerus.

216 1204 237 1241 1
273 1212 369 1254 qua
407 1197 457 1241 in
496 1198 684 1256 Layom.
710 1203 736 1241 2
763 1203 817 1241 13
843 1203 899 1242 36
939 1212 1081 1254 quam
1117 1199 1305 1256 Layom.
1339 1203 1394 1241 32
1427 1213 1539 1243 corr.
1661 1201 1777 1243 tem-

91 1260 277 1315 pestate
308 1257 536 1301 Helenam
566 1257 698 1301 Paris
722 1258 1048 1302 Lachmannus
1075 1259 1357 1314 tempestate
1387 1258 1518 1301 Paris
1550 1258 1779 1302 Helenam

92 1335 127 1361 ω
159 1316 291 1360 Paris
322 1319 604 1374 tempestate
635 1316 863 1360 Helenam
892 1318 1090 1361 Bothius
1188 1316 1378 1373 nuptias
1410 1318 1597 1362 Abrinc.
1624 1318 1725 1362 Erl.
1750 1320 1776 1363 b

93 1377 282 1434 Laqom.
323 1378 429 1433 aliq.
474 1376 594 1420 Gud.
628 1392 657 1420 a
688 1382 730 1420 et
760 1392 782 1421 c
902 1382 927 1419 2
968 1376 1064 1420 fere
1096 1393 1130 1419 ω
1177 1375 1247 1418 fui
1284 1377 1481 1421 Bothius
1517 1377 1612 1420 fere
1652 1391 1779 1421 eram

92 1436 331 1480 Halmius:
364 1438 421 1490 cf.
455 1437 606 1480 coroll.
640 1435 745 1478 XXI

854 1501 1019 1548 XLIII

93 1585 167 1637 Et
206 1604 304 1655 ego
344 1584 436 1637 1'bo
475 1589 536 1636 ut
574 1585 807 1637 latebras
846 1589 1071 1654 ruspans
1109 1587 1271 1638 rimer
1309 1586 1619 1638 maritimas,

213 1663 379 1722 Festus
408 1693 454 1734 p.
482 1683 566 1722 265
592 1679 653 1722 M.
720 1679 972 1735 ‘ruspari
1013 1682 1084 1723 est
1125 1693 1345 1735 quaerere
1385 1679 1565 1734 crebro,
1606 1682 1659 1722 ut
1693 1680 1782 1723 hoc

97 1751 234 1780 uersu
264 1737 523 1782 indicatur:
558 1740 612 1781 et
643 1739 769 1794 ego’
805 1752 842 1782 e.
876 1753 919 1794 q.
954 1753 987 1782 S.
1043 1740 1162 1782 Item
1191 1738 1384 1782 Pacuvii
1414 1738 1591 1782 Ilionae
1622 1738 1779 1783 tribui.

98 1796 163 1840 Cf.
197 1795 391 1839 Pacuvii
421 1795 510 1841 inc.
543 1797 637 1840 fab.
670 1797 831 1841 XXXI.

216 1876 355 1920 rimer
384 1877 644 1921 maritimas
680 1878 880 1936 Scaliger
910 1878 1127 1922 rimeram
1159 1879 1360 1935 aptimas
1391 1880 1485 1923 cod.

861 1989 1023 2036 XLIV

99 2070 417 2141 Naufragia‚
457 2071 604 2124 labes
643 2073 852 2143 generis
891 2073 1130 2144 ignoras,
1168 2073 1363 2125 senex?

221 2163 456 2207 Charisius
495 2180 539 2221 p.
575 2170 657 2208 251
699 2166 748 2210 P.
815 2165 1060 2210 (διάλυτον
1114 2168 1186 2209 est
1236 2165 1334 2209 siue
1381 2165 1588 2215 διάλυσις
1635 2165 1783 2209 oratio

101 2222 234 2266 nulla
272 2222 602 2267 coniunctione
640 2223 939 2280 interposita,
975 2227 1047 2269 ut:
1091 2224 1174 2267 alii
1202 2224 1452 2268 naualibus
1483 2224 1567 2268 ite’
1603 2238 1640 2269 e.
1673 2240 1716 2280 q.
1749 2239 1783 2269 S.

107 2282 181 2324 ‘et
221 2280 388 2326 aliubi:
435 2283 767 2339 naufragia’
803 2297 840 2327 e.
874 2298 917 2339 q.
952 2297 986 2327 s,
1052 2282 1339 2327 ‘sententiae
1378 2283 1454 2327 hic
1491 2283 1647 2340 plures
1686 2283 1786 2327 sine
1859 2301 1863 2305 ’

105 2339 433 2384 coniunctione
466 2341 723 2386 finiuntur.’
786 2342 860 2385 Ad
891 2342 1120 2385 Teucrum
1151 2341 1345 2386 Pacuvii
1374 2342 1550 2386 rettuli.

224 2420 411 2477 ignorat
442 2424 535 2466 cod.
627 2423 952 2480 Interroyandi
981 2425 1160 2480 siquam
1186 2425 1325 2479 posui

879 2532 1014 2578 XLV

836 2616 1052 2668 Telamo

109 2701 243 2773 'Ego
276 2721 396 2756 cum
428 2705 605 2774 genui,
637 2707 752 2755 tum
783 2704 1073 2756 morituros
1102 2704 1237 2756 sciui
1261 2708 1314 2757 et
1336 2705 1461 2757 huic
1484 2706 1563 2758 rei
1585 2705 1879 2760 sustuli.'85

110 2791 391 2844 Praeterea
415 2793 480 2844 ad
497 2792 712 2844 Troiam
735 2810 856 2844 cum
880 2793 1003 2844 misi
1021 2793 1088 2845 ob
1108 2793 1487 2860 defendendam
1502 2792 1790 2863 Graeciam,

114 2878 328 2932 Scibam
359 2899 443 2933 me
468 2881 524 2933 in
540 2880 878 2934 mortiferum
902 2881 1118 2952 bellum,
1147 2883 1256 2934 non
1280 2882 1335 2934 in
1361 2883 1542 2952 epulas
1564 2882 1792 2936 mi'ttere.
