1980 3146
742 108 792 153 L.
825 107 1035 152 ACCIVS
1623 106 1727 159 159

856 249 933 296 ΠΙ

50 334 171 387 Mea
208 334 349 386 fzieta
388 333 445 385 in
484 333 594 385 acie
634 333 791 385 obh'ti
832 375 1049 386 .....

167 435 286 479 Non.
313 439 414 490 502,
441 439 463 477 1
501 433 896 477 ‘accusatiuus
926 447 1010 490 pro
1043 433 1298 490 genetiuo?

167 523 295 567 facta
326 524 559 568 Mercerus
588 522 689 566 fata
720 539 754 565 ω

851 587 924 636 IV

51 673 267 743 Qu6dsi,
298 676 360 725 ut
392 673 583 743 decuit,
613 672 781 725 stzires
811 690 1020 724 meeum
1053 674 1144 723 aut
1175 673 1325 723 meus
1356 672 1480 741 <te>
1509 676 1729 725 maesta—

1110 761 1193 811 ret
1231 759 1405 830 dolor,

50 850 165 904 Iam
206 851 296 903 diu
336 849 659 902 inflammari
698 848 919 901 Atridae
957 848 1111 900 minis
1150 848 1409 900 uidissent
1448 868 1581 918 suas

167 952 286 996 Non.
306 956 404 1007 137,
418 955 474 994 33
495 951 834 994 ‘maestaret
855 964 938 1007 pro
962 952 1248 994 maerentem
1271 950 1478 994 faceret.’
1505 952 1728 1007 (mesta-

48 1014 136 1055 ret
166 1011 350 1068 Bamb.‚
382 1009 465 1053 ubi
496 1024 655 1058 versus
687 1009 778 1066 ipsi
810 1009 979 1053 desunt
1009 1011 1063 1053 ut
1091 1009 1363 1066 plerumque
1395 1009 1445 1052 in
1469 1009 1557 1053 hae
1580 1011 1726 1066 parte.

49 1072 323 1114 mertaret
353 1069 481 1114 Harl.
515 1069 593 1126 W)

169 1164 190 1202 1
234 1158 401 1214 quodsi
442 1158 687 1203 Frater-ius
725 1157 851 1213 quod
890 1157 956 1201 sic
988 1175 1044 1203 m:
1087 1160 1139 1202 in
1179 1157 1244 1201 sie
1284 1159 1446 1203 litteris
1486 1156 1553 1201 sei
1591 1159 1728 1202 latere

43 1224 189 1276 potest
279 1220 426 1261 stares
454 1218 678 1273 Gifanius
707 1216 908 1260 histares
939 1224 1205 1274 compuncta
1235 1217 1267 1260 h
1291 1217 1335 1261 L
1362 1216 1529 1260 istares
1556 1234 1590 1273 φ
1680 1218 1727 1259 te

50 1278 294 1333 Mer-cerus,
326 1291 409 1321 om.
443 1294 477 1321 ω
575 1277 800 1320 mertaret
829 1293 864 1319 ω
895 1278 1126 1320 moeraret
1156 1278 1222 1321 ed.
1257 1277 1445 1322 Mediol.
1548 1281 1573 1319 2
1605 1275 1728 1318 Atri-

51 1337 138 1381 dae
171 1337 404 1382 Mercerus
435 1338 535 1380 atre
567 1336 622 1380 H
650 1338 698 1379 et
727 1349 777 1379 re
808 1353 844 1392 φ

864 1431 911 1477 V

50 1515 210 1569 'Iram
256 1517 488 1569 infrenes
496 1559 511 1586 ,
559 1516 737 1568 6bstes
783 1515 974 1568 animis
981 1559 996 1586 ,
1043 1516 1300 1585 reprimas
1340 1514 1728 1568 confidentiam.
1763 1529 1816 1567 15

166 1618 285 1663 Non.
305 1623 404 1673 262,
422 1622 475 1662 15
505 1616 892 1662 ‘confidentia
916 1631 1097 1660 rursum
1120 1616 1375 1673 temeritas,
1401 1615 1600 1660 audacia
1619 1650 1628 1659 .
1645 1651 1653 1659 .
1670 1652 1679 1660 .
1695 1615 1724 1659 .’

53 1677 118 1721 Cf.
151 1676 341 1721 Homeri
371 1677 423 1721 11.
458 1677 521 1721 IX
543 1682 644 1721 496.
673 1681 756 1721 255
776 1690 842 1732 sq.

168 1765 369 1809 infrenes
401 1767 576 1810 Junius
604 1764 798 1809 infrenis
831 1763 1055 1822 (infermis
1087 1764 1147 1821 L)
1180 1781 1214 1808 ω

852 1875 924 1922 VI

51 1959 166 2012 Tua
202 1959 546 2012 honestitudo
584 1959 799 2012 Danaos
840 1958 1047 2028 decepit
1085 1959 1191 2012 diu.

168 2059 286 2104 Non.
315 2064 422 2117 120,
447 2065 500 2103 31
539 2059 939 2104 ‘honestitudo
969 2073 1052 2116 pro
1083 2059 1317 2104 honestas.
1380 2058 1547 2102 Accius
1580 2058 1727 2103 Oeno-

50 2133 157 2163 mao
183 2155 192 2164 .
213 2155 221 2163 .
243 2156 251 2163 .
276 2118 403 2162 idem
434 2118 805 2176 Myrmidonibus
832 2154 841 2163 .
862 2155 870 2164 .
892 2119 921 2164 .’

170 2199 354 2256 decepit
384 2201 546 2245 Delrio
578 2199 754 2256 decipit
785 2217 820 2243 ω

838 2294 936 2342 VII

47 2378 184 2449 'Ego
246 2396 330 2430 me
392 2396 499 2430 non
552 2379 793 2447 peccasse
846 2379 1003 2448 plane
1058 2380 1331 2432 ostendam
1387 2381 1479 2431 aut
1530 2397 1727 2448 poenas

1111 2469 1372 2520 sufferam.

168 2559 287 2605 Non.
315 2564 414 2617 396,
441 2565 494 2603 31
533 2559 804 2604 ‘sufferre
838 2563 909 2605 est
940 2561 1167 2606 sustinere
1193 2561 1310 2606 ....’

825 2671 949 2719 VHI

51 2752 299 2824 Regnum
324 2753 426 2806 tibi
446 2754 687 2823 permitti
703 2754 947 2807 malunt?
963 2756 1201 2807 cernant:
1226 2755 1432 2807 tradam
1450 2756 1726 2808 exereitus,

170 2853 290 2898 Non.
341 2859 462 2911 261,v
488 2861 544 2898 24
602 2856 856 2899 ‘eernere
906 2870 1087 2899 rursum
1133 2855 1319 2899 eedere’
1369 2856 1633 2914 (succedere
1678 2858 1727 2912 x)

55 2912 196 2955 ‘unde
236 2914 293 2977 et,
319 2926 502 2957 eernere
534 2913 843 2957 hereditatem
874 2914 959 2957 filii
989 2913 1222 2971 patribus,
1263 2913 1313 2957 id
1345 2917 1416 2959 est
1448 2915 1626 2959 cedere'
1662 2914 1727 2971 (id
