<?xml version="1.0" encoding="UTF-8"?>
<!DOCTYPE html PUBLIC "-//W3C//DTD XHTML 1.0 Transitional//EN"
    "http://www.w3.org/TR/xhtml1/DTD/xhtml1-transitional.dtd">
<html xmlns="http://www.w3.org/1999/xhtml" xml:lang="en" lang="en">
 <head>
  <title>
</title>
<meta http-equiv="Content-Type" content="text/html;charset=utf-8" />
  <meta name='ocr-system' content='tesseract 3.04.00' />
  <meta name='ocr-capabilities' content='ocr_page ocr_carea ocr_par ocr_line ocrx_word'/>
</head>
<body>
  <div class='ocr_page' id='page_1' title='image "./fragscaenicaeromr01ribbuoft/fragscaenicaeromr01ribbuoft_0150.png"; bbox 0 0 1980 3146; ppageno 0'>
   <div class='ocr_carea' id='block_1_1' title="bbox 205 89 1231 145">
    <p class='ocr_par' dir='ltr' id='par_1_1' title="bbox 205 89 1231 145">
     <span class='ocr_line' id='line_1_1' title="bbox 205 89 1231 145; baseline -0.013 0"><span class='ocrx_word' id='word_1_1' title='bbox 205 92 307 145; x_wconf 85' lang='lat'>138</span> <span class='ocrx_word' id='word_1_2' title='bbox 840 90 901 135; x_wconf 89' lang='grc' dir='ltr'>Μ.</span> <span class='ocrx_word' id='word_1_3' title='bbox 934 89 1231 135; x_wconf 86' lang='lat' dir='ltr'><strong>PACVVIVS</strong></span> 
     </span>
    </p>
   </div>
   <div class='ocr_carea' id='block_1_2' title="bbox 994 229 1087 276">
    <p class='ocr_par' dir='ltr' id='par_1_2' title="bbox 994 229 1087 276">
     <span class='ocr_line' id='line_1_2' title="bbox 994 229 1087 276; baseline 0 0"><span class='ocrx_word' id='word_1_4' title='bbox 994 229 1087 276; x_wconf 91' lang='lat' dir='ltr'>XV</span> 
     </span>
    </p>
   </div>
   <div class='ocr_carea' id='block_1_3' title="bbox 112 311 1877 473">
    <p class='ocr_par' dir='ltr' id='par_1_3' title="bbox 112 311 1877 473">
     <span class='ocr_line' id='line_1_3' title="bbox 112 311 1564 384; baseline -0.001 -15"><span class='ocrx_word' id='word_1_5' title='bbox 112 338 197 378; x_wconf 87' lang='lat'>335</span> <span class='ocrx_word' id='word_1_6' title='bbox 218 359 229 369; x_wconf 92' lang='lat'>.</span> <span class='ocrx_word' id='word_1_7' title='bbox 269 358 280 368; x_wconf 89' lang='lat'><strong>.</strong></span> <span class='ocrx_word' id='word_1_8' title='bbox 320 359 331 368; x_wconf 93' lang='lat'>.</span> <span class='ocrx_word' id='word_1_9' title='bbox 373 357 383 367; x_wconf 91' lang='lat'>.</span> <span class='ocrx_word' id='word_1_10' title='bbox 422 315 811 366; x_wconf 77' lang='lat' dir='ltr'>armamentum</span> <span class='ocrx_word' id='word_1_11' title='bbox 848 311 1070 383; x_wconf 73' lang='lat' dir='ltr'>stridor,</span> <span class='ocrx_word' id='word_1_12' title='bbox 1107 313 1285 365; x_wconf 86' lang='lat' dir='ltr'>flictus</span> <span class='ocrx_word' id='word_1_13' title='bbox 1322 313 1564 384; x_wconf 74' lang='lat' dir='ltr'>nauium,</span> 
     </span>
     <span class='ocr_line' id='line_1_4' title="bbox 201 401 1877 473; baseline 0 -16"><span class='ocrx_word' id='word_1_14' title='bbox 201 404 468 473; x_wconf 77' lang='lat' dir='ltr'>Strepitus</span> <span class='ocrx_word' id='word_1_15' title='bbox 490 402 751 472; x_wconf 77' lang='lat' dir='ltr'>fremituS‚</span> <span class='ocrx_word' id='word_1_16' title='bbox 775 402 976 455; x_wconf 72' lang='lat' dir='ltr'>clamor</span> <span class='ocrx_word' id='word_1_17' title='bbox 997 401 1298 454; x_wconf 81' lang='lat' dir='ltr'>tonitruum</span> <span class='ocrx_word' id='word_1_18' title='bbox 1314 402 1369 454; x_wconf 73' lang='lat' dir='ltr'>et</span> <span class='ocrx_word' id='word_1_19' title='bbox 1384 402 1670 455; x_wconf 75' lang='lat' dir='ltr'><strong>rudentum</strong></span> <span class='ocrx_word' id='word_1_20' title='bbox 1686 402 1877 457; x_wconf 73' lang='lat' dir='ltr'>sibilus</span> 
     </span>
    </p>
   </div>
   <div class='ocr_carea' id='block_1_4' title="bbox 316 501 1938 549">
    <p class='ocr_par' dir='ltr' id='par_1_4' title="bbox 316 501 1938 549">
     <span class='ocr_line' id='line_1_5' title="bbox 316 501 1938 549; baseline 0.001 -1"><span class='ocrx_word' id='word_1_21' title='bbox 316 502 502 548; x_wconf 80' lang='lat' dir='ltr'>Servius</span> <span class='ocrx_word' id='word_1_22' title='bbox 531 502 649 547; x_wconf 90' lang='lat' dir='ltr'>Dan.</span> <span class='ocrx_word' id='word_1_23' title='bbox 682 501 732 546; x_wconf 88' lang='lat' dir='ltr'>in</span> <span class='ocrx_word' id='word_1_24' title='bbox 762 502 876 547; x_wconf 87' lang='lat' dir='ltr'>Aen.</span> <span class='ocrx_word' id='word_1_25' title='bbox 908 503 930 546; x_wconf 96' lang='lat' dir='ltr'><strong>I</strong></span> <span class='ocrx_word' id='word_1_26' title='bbox 960 507 1015 547; x_wconf 83' lang='grc'>87</span> <span class='ocrx_word' id='word_1_27' title='bbox 1052 502 1242 547; x_wconf 80' lang='lat' dir='ltr'>‘stridor</span> <span class='ocrx_word' id='word_1_28' title='bbox 1273 503 1430 547; x_wconf 84' lang='lat' dir='ltr'>autem</span> <span class='ocrx_word' id='word_1_29' title='bbox 1460 505 1533 547; x_wconf 89' lang='lat' dir='ltr'>est</span> <span class='ocrx_word' id='word_1_30' title='bbox 1563 503 1741 549; x_wconf 88' lang='lat' dir='ltr'>sibilus.</span> <span class='ocrx_word' id='word_1_31' title='bbox 1788 505 1876 549; x_wconf 88' lang='lat' dir='ltr'>Pa·</span> <span class='ocrx_word' id='word_1_32' title='bbox 1935 519 1938 522; x_wconf 91' lang='grc'><em>·</em></span> 
     </span>
    </p>
   </div>
   <div class='ocr_carea' id='block_1_5' title="bbox 196 560 1877 1094">
    <p class='ocr_par' dir='ltr' id='par_1_5' title="bbox 196 560 1877 914">
     <span class='ocr_line' id='line_1_6' title="bbox 199 560 1876 617; baseline 0.001 -9"><span class='ocrx_word' id='word_1_33' title='bbox 199 562 360 608; x_wconf 82' lang='lat' dir='ltr'>cuuius</span> <span class='ocrx_word' id='word_1_34' title='bbox 405 562 456 606; x_wconf 90' lang='lat' dir='ltr'>in</span> <span class='ocrx_word' id='word_1_35' title='bbox 494 561 692 608; x_wconf 82' lang='lat' dir='ltr'>Teucro:</span> <span class='ocrx_word' id='word_1_36' title='bbox 741 563 1148 606; x_wconf 71' lang='lat' dir='ltr'>armamentum</span> <span class='ocrx_word' id='word_1_37' title='bbox 1193 560 1428 617; x_wconf 84' lang='lat' dir='ltr'>stridor,</span> <span class='ocrx_word' id='word_1_38' title='bbox 1477 564 1532 606; x_wconf 91' lang='lat' dir='ltr'>et</span> <span class='ocrx_word' id='word_1_39' title='bbox 1575 564 1876 609; x_wconf 76' lang='lat' dir='ltr'>rudentum</span> 
     </span>
     <span class='ocr_line' id='line_1_7' title="bbox 199 621 1875 679; baseline 0.001 -13"><span class='ocrx_word' id='word_1_40' title='bbox 199 621 441 666; x_wconf 86' lang='lat' dir='ltr'>sibilus.’</span> <span class='ocrx_word' id='word_1_41' title='bbox 503 621 651 666; x_wconf 90' lang='lat' dir='ltr'>Varro</span> <span class='ocrx_word' id='word_1_42' title='bbox 700 621 756 664; x_wconf 88' lang='lat' dir='ltr'>de</span> <span class='ocrx_word' id='word_1_43' title='bbox 804 621 836 665; x_wconf 86' lang='grc'>1.</span> <span class='ocrx_word' id='word_1_44' title='bbox 875 621 905 666; x_wconf 94' lang='lat' dir='ltr'>l.</span> <span class='ocrx_word' id='word_1_45' title='bbox 937 621 980 666; x_wconf 92' lang='lat' dir='ltr'><strong>V</strong></span> <span class='ocrx_word' id='word_1_46' title='bbox 1015 626 1038 665; x_wconf 86' lang='grc'><strong>7</strong></span> <span class='ocrx_word' id='word_1_47' title='bbox 1070 621 1131 666; x_wconf 90' lang='grc' dir='ltr'>Μ.</span> <span class='ocrx_word' id='word_1_48' title='bbox 1197 621 1875 679; x_wconf 40' lang='grc' dir='ltr'>ε(111131113111110(111111,(1301111116</span> 
     </span>
     <span class='ocr_line' id='line_1_8' title="bbox 197 679 1877 738; baseline 0.001 -13"><span class='ocrx_word' id='word_1_49' title='bbox 197 684 338 738; x_wconf 89' lang='lat' dir='ltr'>poeta</span> <span class='ocrx_word' id='word_1_50' title='bbox 389 679 577 724; x_wconf 87' lang='lat' dir='ltr'>finxerit</span> <span class='ocrx_word' id='word_1_51' title='bbox 629 681 845 737; x_wconf 90' lang='lat' dir='ltr'>uerbum,</span> <span class='ocrx_word' id='word_1_52' title='bbox 899 679 1192 736; x_wconf 83' lang='lat' dir='ltr'>confinxerit,</span> <span class='ocrx_word' id='word_1_53' title='bbox 1248 679 1508 725; x_wconf 89' lang='lat' dir='ltr'>declinarit.</span> <span class='ocrx_word' id='word_1_54' title='bbox 1570 680 1658 725; x_wconf 90' lang='lat' dir='ltr'>Hic</span> <span class='ocrx_word' id='word_1_55' title='bbox 1703 682 1877 727; x_wconf 87' lang='lat' dir='ltr'>Pacui</span> 
     </span>
     <span class='ocr_line' id='line_1_9' title="bbox 197 738 1876 786; baseline 0.002 -3"><span class='ocrx_word' id='word_1_56' title='bbox 197 741 498 784; x_wconf 88' lang='lat' dir='ltr'>rudentum</span> <span class='ocrx_word' id='word_1_57' title='bbox 536 739 780 784; x_wconf 88' lang='lat' dir='ltr'>sibilus.’</span> <span class='ocrx_word' id='word_1_58' title='bbox 845 739 1029 784; x_wconf 84' lang='lat' dir='ltr'>Servius</span> <span class='ocrx_word' id='word_1_59' title='bbox 1067 739 1186 783; x_wconf 90' lang='lat' dir='ltr'>Dan.</span> <span class='ocrx_word' id='word_1_60' title='bbox 1226 738 1277 782; x_wconf 88' lang='lat' dir='ltr'>in</span> <span class='ocrx_word' id='word_1_61' title='bbox 1307 739 1420 784; x_wconf 89' lang='lat' dir='ltr'>Aen.</span> <span class='ocrx_word' id='word_1_62' title='bbox 1453 739 1518 783; x_wconf 93' lang='lat' dir='ltr'><strong>IX</strong></span> <span class='ocrx_word' id='word_1_63' title='bbox 1549 744 1634 784; x_wconf 83' lang='lat'>667</span> <span class='ocrx_word' id='word_1_64' title='bbox 1679 740 1876 786; x_wconf 76' lang='lat' dir='ltr'>‘flictu</span> 
     </span>
     <span class='ocr_line' id='line_1_10' title="bbox 291 798 1874 855; baseline 0.001 -10.889"><span class='ocrx_word' id='word_1_65' title='bbox 291 802 340 843; x_wconf 90' lang='lat' dir='ltr'>et</span> <span class='ocrx_word' id='word_1_66' title='bbox 369 800 552 844; x_wconf 85' lang='lat' dir='ltr'>locutus</span> <span class='ocrx_word' id='word_1_67' title='bbox 577 801 649 843; x_wconf 86' lang='lat' dir='ltr'>est</span> <span class='ocrx_word' id='word_1_68' title='bbox 671 798 805 844; x_wconf 83' lang='lat' dir='ltr'>iuxta</span> <span class='ocrx_word' id='word_1_69' title='bbox 829 798 1074 855; x_wconf 89' lang='lat' dir='ltr'>antiquum</span> <span class='ocrx_word' id='word_1_70' title='bbox 1095 811 1282 843; x_wconf 90' lang='lat' dir='ltr'>morem.</span> <span class='ocrx_word' id='word_1_71' title='bbox 1329 798 1612 842; x_wconf 82' lang='lat' dir='ltr'>Pacuuius</span> <span class='ocrx_word' id='word_1_72' title='bbox 1637 799 1874 847; x_wconf 85' lang='lat' dir='ltr'>Teucro&#39;:</span> 
     </span>
     <span class='ocr_line' id='line_1_11' title="bbox 196 856 1875 914; baseline 0.001 -12"><span class='ocrx_word' id='word_1_73' title='bbox 196 859 399 903; x_wconf 87' lang='lat' dir='ltr'>flictus</span> <span class='ocrx_word' id='word_1_74' title='bbox 429 857 672 903; x_wconf 89' lang='lat' dir='ltr'>nauium.</span> <span class='ocrx_word' id='word_1_75' title='bbox 679 859 693 880; x_wconf 92' lang='lat'>&#39;</span> <span class='ocrx_word' id='word_1_76' title='bbox 753 857 938 903; x_wconf 84' lang='lat' dir='ltr'>Caelius</span> <span class='ocrx_word' id='word_1_77' title='bbox 968 857 1019 901; x_wconf 90' lang='lat' dir='ltr'>in</span> <span class='ocrx_word' id='word_1_78' title='bbox 1050 856 1283 902; x_wconf 82' lang='lat' dir='ltr'>Ciceronis</span> <span class='ocrx_word' id='word_1_79' title='bbox 1308 856 1443 914; x_wconf 84' lang='lat' dir='ltr'>epist.</span> <span class='ocrx_word' id='word_1_80' title='bbox 1477 858 1538 902; x_wconf 94' lang='lat' dir='ltr'>ad</span> <span class='ocrx_word' id='word_1_81' title='bbox 1567 858 1693 903; x_wconf 85' lang='lat' dir='ltr'>Fam.</span> <span class='ocrx_word' id='word_1_82' title='bbox 1718 859 1826 904; x_wconf 86' lang='lat' dir='ltr'><strong>VIII</strong></span> <span class='ocrx_word' id='word_1_83' title='bbox 1849 865 1875 903; x_wconf 82' lang='lat'>2</span> 
     </span>
    </p>

    <p class='ocr_par' dir='ltr' id='par_1_6' title="bbox 196 916 1877 1094">
     <span class='ocr_line' id='line_1_12' title="bbox 223 916 1876 977; baseline 0.001 -15.052"><span class='ocrx_word' id='word_1_84' title='bbox 223 918 541 962; x_wconf 87' lang='lat' dir='ltr'>mtheatrum</span> <span class='ocrx_word' id='word_1_85' title='bbox 565 917 776 962; x_wconf 87' lang='lat' dir='ltr'>Curionis</span> <span class='ocrx_word' id='word_1_86' title='bbox 798 916 1075 962; x_wconf 83' lang='lat' dir='ltr'>Hortensius</span> <span class='ocrx_word' id='word_1_87' title='bbox 1105 916 1323 961; x_wconf 87' lang='lat' dir='ltr'>introiit.</span> <span class='ocrx_word' id='word_1_88' title='bbox 1373 916 1484 962; x_wconf 82' lang='lat' dir='ltr'>,hic</span> <span class='ocrx_word' id='word_1_89' title='bbox 1514 916 1605 962; x_wconf 90' lang='lat' dir='ltr'>tibi</span> <span class='ocrx_word' id='word_1_90' title='bbox 1631 919 1724 977; x_wconf 78' lang='lat'>[2]’</span> <span class='ocrx_word' id='word_1_91' title='bbox 1759 918 1876 963; x_wconf 86' lang='lat' dir='ltr'>Con-</span> 
     </span>
     <span class='ocr_line' id='line_1_13' title="bbox 196 953 1877 1034; baseline 0.001 -14"><span class='ocrx_word' id='word_1_92' title='bbox 196 976 330 1022; x_wconf 87' lang='lat' dir='ltr'>flavit</span> <span class='ocrx_word' id='word_1_93' title='bbox 382 978 467 1021; x_wconf 82' lang='lat' dir='ltr'>has</span> <span class='ocrx_word' id='word_1_94' title='bbox 516 976 773 1034; x_wconf 85' lang='lat' dir='ltr'>particulas</span> <span class='ocrx_word' id='word_1_95' title='bbox 821 976 873 1021; x_wconf 79' lang='lat' dir='ltr'>G</span> <span class='ocrx_word' id='word_1_96' title='bbox 913 977 1220 1020; x_wconf 79' lang='lat' dir='ltr'>HermannuS.</span> <span class='ocrx_word' id='word_1_97' title='bbox 1290 953 1500 1020; x_wconf 80' lang='lat' dir='ltr'>Contulit</span> <span class='ocrx_word' id='word_1_98' title='bbox 1543 976 1772 1034; x_wconf 86' lang='lat' dir='ltr'>Bergkius</span> <span class='ocrx_word' id='word_1_99' title='bbox 1819 978 1877 1022; x_wconf 90' lang='lat' dir='ltr'>de</span> 
     </span>
     <span class='ocr_line' id='line_1_14' title="bbox 196 1034 1388 1094; baseline -0.002 -14"><span class='ocrx_word' id='word_1_100' title='bbox 196 1036 361 1094; x_wconf 76' lang='lat' dir='ltr'>fragm.</span> <span class='ocrx_word' id='word_1_101' title='bbox 394 1037 533 1094; x_wconf 87' lang='lat' dir='ltr'>Soph.</span> <span class='ocrx_word' id='word_1_102' title='bbox 567 1050 591 1080; x_wconf 89' lang='lat' dir='ltr'>e</span> <span class='ocrx_word' id='word_1_103' title='bbox 623 1035 866 1094; x_wconf 81' lang='lat' dir='ltr'>Sophoclis</span> <span class='ocrx_word' id='word_1_104' title='bbox 896 1036 1074 1080; x_wconf 81' lang='lat' dir='ltr'>Teucro</span> <span class='ocrx_word' id='word_1_105' title='bbox 1104 1034 1159 1080; x_wconf 86' lang='lat' dir='ltr'>fr.</span> <span class='ocrx_word' id='word_1_106' title='bbox 1193 1039 1279 1079; x_wconf 80' lang='lat'>520</span> <span class='ocrx_word' id='word_1_107' title='bbox 1309 1034 1388 1080; x_wconf 67' lang='lat' dir='ltr'>N’.</span> 
     </span>
    </p>
   </div>
   <div class='ocr_carea' id='block_1_6' title="bbox 313 1125 966 1182">
    <p class='ocr_par' dir='ltr' id='par_1_7' title="bbox 313 1125 966 1182">
     <span class='ocr_line' id='line_1_15' title="bbox 313 1125 966 1182; baseline -0.002 -13"><span class='ocrx_word' id='word_1_108' title='bbox 313 1130 339 1169; x_wconf 82' lang='lat'><strong>2</strong></span> <span class='ocrx_word' id='word_1_109' title='bbox 370 1126 428 1181; x_wconf 82' lang='lat' dir='ltr'>cf.</span> <span class='ocrx_word' id='word_1_110' title='bbox 460 1125 626 1170; x_wconf 76' lang='lat' dir='ltr'>Plauti</span> <span class='ocrx_word' id='word_1_111' title='bbox 654 1125 817 1182; x_wconf 80' lang='lat' dir='ltr'>Amph.</span> <span class='ocrx_word' id='word_1_112' title='bbox 854 1129 966 1169; x_wconf 80' lang='grc'>1062</span> 
     </span>
    </p>
   </div>
   <div class='ocr_carea' id='block_1_7' title="bbox 106 1220 1801 1462">
    <p class='ocr_par' dir='ltr' id='par_1_8' title="bbox 106 1220 1801 1462">
     <span class='ocr_line' id='line_1_16' title="bbox 976 1220 1094 1267; baseline 0 0"><span class='ocrx_word' id='word_1_113' title='bbox 976 1220 1094 1267; x_wconf 90' lang='lat' dir='ltr'>XVI</span> 
     </span>
     <span class='ocr_line' id='line_1_17' title="bbox 108 1295 1801 1375; baseline -0.001 -17"><span class='ocrx_word' id='word_1_114' title='bbox 108 1295 335 1358; x_wconf 83' lang='lat' dir='ltr'>33⁷&#39;Vbi</span> <span class='ocrx_word' id='word_1_115' title='bbox 372 1307 562 1374; x_wconf 89' lang='lat' dir='ltr'>poetae</span> <span class='ocrx_word' id='word_1_116' title='bbox 599 1306 697 1374; x_wconf 88' lang='lat' dir='ltr'>pr6</span> <span class='ocrx_word' id='word_1_117' title='bbox 738 1323 834 1357; x_wconf 87' lang='lat' dir='ltr'>sua</span> <span class='ocrx_word' id='word_1_118' title='bbox 870 1308 1022 1374; x_wconf 88' lang='lat' dir='ltr'>parte</span> <span class='ocrx_word' id='word_1_119' title='bbox 1060 1305 1195 1356; x_wconf 78' lang='lat' dir='ltr'>falsa</span> <span class='ocrx_word' id='word_1_120' title='bbox 1232 1305 1543 1375; x_wconf 65' lang='lat' dir='ltr'>confictam,</span> <span class='ocrx_word' id='word_1_121' title='bbox 1582 1309 1801 1374; x_wconf 84' lang='lat' dir='ltr'>canunt,</span> 
     </span>
     <span class='ocr_line' id='line_1_18' title="bbox 106 1369 1322 1462; baseline -0.001 -16"><span class='ocrx_word' id='word_1_122' title='bbox 106 1369 303 1458; x_wconf 67' lang='lat' dir='ltr'>338Qu1‘</span> <span class='ocrx_word' id='word_1_123' title='bbox 339 1411 552 1446; x_wconf 87' lang='lat' dir='ltr'>causam</span> <span class='ocrx_word' id='word_1_124' title='bbox 589 1393 849 1446; x_wconf 89' lang='lat' dir='ltr'>humilem</span> <span class='ocrx_word' id='word_1_125' title='bbox 889 1392 1046 1445; x_wconf 71' lang='lat' dir='ltr'>dictis</span> <span class='ocrx_word' id='word_1_126' title='bbox 1084 1393 1322 1462; x_wconf 85' lang='lat' dir='ltr'>amplent</span> 
     </span>
    </p>
   </div>
   <div class='ocr_carea' id='block_1_8' title="bbox 312 1493 1431 1551">
    <p class='ocr_par' dir='ltr' id='par_1_9' title="bbox 312 1493 1431 1551">
     <span class='ocr_line' id='line_1_19' title="bbox 312 1493 1431 1551; baseline -0.002 -12"><span class='ocrx_word' id='word_1_127' title='bbox 312 1494 432 1539; x_wconf 88' lang='lat' dir='ltr'>Non.</span> <span class='ocrx_word' id='word_1_128' title='bbox 465 1499 566 1551; x_wconf 90' lang='grc'>506,</span> <span class='ocrx_word' id='word_1_129' title='bbox 592 1498 647 1538; x_wconf 81' lang='lat'>26</span> <span class='ocrx_word' id='word_1_130' title='bbox 682 1493 966 1551; x_wconf 79' lang='lat' dir='ltr'>‘amplant</span> <span class='ocrx_word' id='word_1_131' title='bbox 994 1507 1077 1551; x_wconf 85' lang='lat' dir='ltr'>pro</span> <span class='ocrx_word' id='word_1_132' title='bbox 1110 1493 1431 1551; x_wconf 88' lang='lat' dir='ltr'>amplificant.’</span> 
     </span>
    </p>
   </div>
   <div class='ocr_carea' id='block_1_9' title="bbox 192 1581 1875 1936">
    <p class='ocr_par' dir='ltr' id='par_1_10' title="bbox 192 1581 1875 1936">
     <span class='ocr_line' id='line_1_20' title="bbox 311 1581 1874 1640; baseline -0.001 -12"><span class='ocrx_word' id='word_1_133' title='bbox 311 1584 510 1628; x_wconf 81' lang='lat' dir='ltr'>Bothias</span> <span class='ocrx_word' id='word_1_134' title='bbox 539 1583 767 1628; x_wconf 82' lang='lat' dir='ltr'>trochaeos</span> <span class='ocrx_word' id='word_1_135' title='bbox 797 1584 982 1640; x_wconf 75' lang='lat' dir='ltr'>aynovit</span> <span class='ocrx_word' id='word_1_136' title='bbox 1102 1587 1125 1626; x_wconf 95' lang='lat'>1</span> <span class='ocrx_word' id='word_1_137' title='bbox 1159 1581 1242 1626; x_wconf 91' lang='lat' dir='ltr'>ubi</span> <span class='ocrx_word' id='word_1_138' title='bbox 1271 1581 1394 1625; x_wconf 85' lang='lat' dir='ltr'>falsa</span> <span class='ocrx_word' id='word_1_139' title='bbox 1423 1583 1591 1639; x_wconf 87' lang='lat' dir='ltr'>poetae</span> <span class='ocrx_word' id='word_1_140' title='bbox 1621 1582 1710 1626; x_wconf 90' lang='lat' dir='ltr'>Pro</span> <span class='ocrx_word' id='word_1_141' title='bbox 1740 1585 1874 1640; x_wconf 89' lang='lat' dir='ltr'>parte</span> 
     </span>
     <span class='ocr_line' id='line_1_21' title="bbox 194 1642 1874 1699; baseline -0.001 -13"><span class='ocrx_word' id='word_1_142' title='bbox 194 1657 279 1687; x_wconf 87' lang='lat' dir='ltr'>sua</span> <span class='ocrx_word' id='word_1_143' title='bbox 315 1643 611 1688; x_wconf 75' lang='lat' dir='ltr'>Hermannas</span> <span class='ocrx_word' id='word_1_144' title='bbox 646 1647 917 1699; x_wconf 75' lang='lat' dir='ltr'>anapaestos</span> <span class='ocrx_word' id='word_1_145' title='bbox 953 1656 1056 1687; x_wconf 82' lang='lat' dir='ltr'>cwm</span> <span class='ocrx_word' id='word_1_146' title='bbox 1095 1642 1255 1687; x_wconf 74' lang='lat' dir='ltr'>Grotio</span> <span class='ocrx_word' id='word_1_147' title='bbox 1292 1643 1520 1686; x_wconf 77' lang='lat' dir='ltr'>dimensas</span> <span class='ocrx_word' id='word_1_148' title='bbox 1653 1656 1738 1685; x_wconf 85' lang='lat' dir='ltr'>sua</span> <span class='ocrx_word' id='word_1_149' title='bbox 1775 1645 1874 1686; x_wconf 88' lang='lat' dir='ltr'>arte</span> 
     </span>
     <span class='ocr_line' id='line_1_22' title="bbox 193 1700 1874 1759; baseline 0 -12"><span class='ocrx_word' id='word_1_150' title='bbox 193 1703 410 1758; x_wconf 80' lang='lat' dir='ltr'>Rothias,</span> <span class='ocrx_word' id='word_1_151' title='bbox 449 1703 721 1759; x_wconf 76' lang='lat' dir='ltr'>probabam,</span> <span class='ocrx_word' id='word_1_152' title='bbox 767 1702 861 1746; x_wconf 68' lang='lat' dir='ltr'>‘nisi</span> <span class='ocrx_word' id='word_1_153' title='bbox 906 1703 1025 1758; x_wconf 78' lang='lat' dir='ltr'>qaod</span> <span class='ocrx_word' id='word_1_154' title='bbox 1062 1702 1255 1746; x_wconf 81' lang='lat' dir='ltr'>ablativi</span> <span class='ocrx_word' id='word_1_155' title='bbox 1291 1700 1409 1744; x_wconf 86' lang='lat' dir='ltr'>suad</span> <span class='ocrx_word' id='word_1_156' title='bbox 1445 1702 1651 1746; x_wconf 81' lang='lat' dir='ltr'>ambram</span> <span class='ocrx_word' id='word_1_157' title='bbox 1687 1702 1741 1746; x_wconf 75' lang='lat' dir='ltr'>in</span> <span class='ocrx_word' id='word_1_158' title='bbox 1777 1715 1874 1747; x_wconf 82' lang='lat' dir='ltr'>cor·</span> 
     </span>
     <span class='ocr_line' id='line_1_23' title="bbox 192 1759 1875 1819; baseline -0.001 -13"><span class='ocrx_word' id='word_1_159' title='bbox 192 1762 372 1818; x_wconf 83' lang='lat' dir='ltr'>ruptela</span> <span class='ocrx_word' id='word_1_160' title='bbox 409 1774 645 1819; x_wconf 75' lang='lat' dir='ltr'>ayrwscere</span> <span class='ocrx_word' id='word_1_161' title='bbox 681 1761 796 1805; x_wconf 80' lang='lat' dir='ltr'>mihi</span> <span class='ocrx_word' id='word_1_162' title='bbox 830 1761 955 1805; x_wconf 80' lang='lat' dir='ltr'>visas</span> <span class='ocrx_word' id='word_1_163' title='bbox 989 1774 1114 1804; x_wconf 87' lang='lat' dir='ltr'>eram</span> <span class='ocrx_word' id='word_1_164' title='bbox 1233 1759 1486 1804; x_wconf 85' lang='lat' dir='ltr'>confictant</span> <span class='ocrx_word' id='word_1_165' title='bbox 1511 1760 1736 1818; x_wconf 75' lang='lat' dir='ltr'>Berykias</span> <span class='ocrx_word' id='word_1_166' title='bbox 1767 1775 1875 1805; x_wconf 88' lang='lat' dir='ltr'>con-</span> 
     </span>
     <span class='ocr_line' id='line_1_24' title="bbox 192 1819 1874 1885; baseline 0 -22"><span class='ocrx_word' id='word_1_167' title='bbox 192 1820 302 1864; x_wconf 89' lang='lat' dir='ltr'>ficta</span> <span class='ocrx_word' id='word_1_168' title='bbox 324 1837 359 1864; x_wconf 89' lang='grc' dir='ltr'>ω</span> <span class='ocrx_word' id='word_1_169' title='bbox 388 1819 582 1863; x_wconf 88' lang='lat' dir='ltr'>conficte</span> <span class='ocrx_word' id='word_1_170' title='bbox 611 1819 854 1878; x_wconf 76' lang='lat' dir='ltr'>Quicherat</span> <span class='ocrx_word' id='word_1_171' title='bbox 942 1821 1117 1863; x_wconf 91' lang='lat' dir='ltr'>canunt</span> <span class='ocrx_word' id='word_1_172' title='bbox 1140 1819 1366 1885; x_wconf 73' lang='lat' dir='ltr'>Bequius</span> <span class='ocrx_word' id='word_1_173' title='bbox 1390 1820 1562 1863; x_wconf 86' lang='lat' dir='ltr'>canant</span> <span class='ocrx_word' id='word_1_174' title='bbox 1585 1836 1620 1863; x_wconf 89' lang='grc' dir='ltr'><em>ω</em></span> <span class='ocrx_word' id='word_1_175' title='bbox 1645 1822 1874 1876; x_wconf 85' lang='lat' dir='ltr'>aggerant</span> 
     </span>
     <span class='ocr_line' id='line_1_25' title="bbox 193 1877 1874 1936; baseline 0.001 -14"><span class='ocrx_word' id='word_1_176' title='bbox 193 1880 295 1924; x_wconf 84' lang='lat' dir='ltr'>Bae</span> <span class='ocrx_word' id='word_1_177' title='bbox 340 1880 586 1922; x_wconf 84' lang='lat' dir='ltr'>autumant</span> <span class='ocrx_word' id='word_1_178' title='bbox 630 1880 726 1936; x_wconf 78' lang='lat' dir='ltr'>ipse</span> <span class='ocrx_word' id='word_1_179' title='bbox 763 1880 1037 1923; x_wconf 71' lang='lat' dir='ltr'>conieceram</span> <span class='ocrx_word' id='word_1_180' title='bbox 1157 1882 1183 1920; x_wconf 85' lang='lat'>2</span> <span class='ocrx_word' id='word_1_181' title='bbox 1216 1877 1328 1933; x_wconf 87' lang='lat' dir='ltr'>quia</span> <span class='ocrx_word' id='word_1_182' title='bbox 1367 1878 1433 1922; x_wconf 90' lang='lat' dir='ltr'><strong><em>W</em></strong></span> <span class='ocrx_word' id='word_1_183' title='bbox 1545 1877 1752 1935; x_wconf 87' lang='lat' dir='ltr'>amplent</span> <span class='ocrx_word' id='word_1_184' title='bbox 1788 1879 1874 1923; x_wconf 84' lang='lat' dir='ltr'>W1</span> 
     </span>
    </p>
   </div>
   <div class='ocr_carea' id='block_1_10' title="bbox 193 1937 1102 2050">
    <p class='ocr_par' dir='ltr' id='par_1_11' title="bbox 193 1937 1102 2050">
     <span class='ocr_line' id='line_1_26' title="bbox 193 1937 1102 2050; baseline -0.001 -68"><span class='ocrx_word' id='word_1_185' title='bbox 193 1937 404 1995; x_wconf 77' lang='lat' dir='ltr'>amplant</span> <span class='ocrx_word' id='word_1_186' title='bbox 435 1955 470 1995; x_wconf 89' lang='grc' dir='ltr'>φ</span> <span class='ocrx_word' id='word_1_187' title='bbox 957 2003 1102 2050; x_wconf 77' lang='lat' dir='ltr'><strong>XVII</strong></span> 
     </span>
    </p>
   </div>
   <div class='ocr_carea' id='block_1_11' title="bbox 105 2085 1732 2157">
    <p class='ocr_par' dir='ltr' id='par_1_12' title="bbox 105 2085 1732 2157">
     <span class='ocr_line' id='line_1_27' title="bbox 105 2085 1732 2157; baseline -0.004 -12"><span class='ocrx_word' id='word_1_188' title='bbox 105 2106 190 2146; x_wconf 83' lang='lat'>340</span> <span class='ocrx_word' id='word_1_189' title='bbox 209 2087 542 2157; x_wconf 81' lang='lat' dir='ltr'>Quamquam</span> <span class='ocrx_word' id='word_1_190' title='bbox 580 2087 838 2156; x_wconf 75' lang='lat' dir='ltr'>ann-isque</span> <span class='ocrx_word' id='word_1_191' title='bbox 878 2089 933 2140; x_wconf 89' lang='lat' dir='ltr'>et</span> <span class='ocrx_word' id='word_1_192' title='bbox 969 2088 1142 2139; x_wconf 76' lang='lat' dir='ltr'>aetate</span> <span class='ocrx_word' id='word_1_193' title='bbox 1180 2085 1283 2139; x_wconf 89' lang='lat' dir='ltr'>hoc</span> <span class='ocrx_word' id='word_1_194' title='bbox 1321 2087 1512 2155; x_wconf 78' lang='lat' dir='ltr'>corpus</span> <span class='ocrx_word' id='word_1_195' title='bbox 1550 2087 1732 2155; x_wconf 79' lang='lat' dir='ltr'>putret</span> 
     </span>
    </p>
   </div>
   <div class='ocr_carea' id='block_1_12' title="bbox 308 2187 930 2246">
    <p class='ocr_par' dir='ltr' id='par_1_13' title="bbox 308 2187 930 2246">
     <span class='ocr_line' id='line_1_28' title="bbox 308 2187 930 2246; baseline -0.003 -13"><span class='ocrx_word' id='word_1_196' title='bbox 308 2188 428 2233; x_wconf 88' lang='lat' dir='ltr'>Non.</span> <span class='ocrx_word' id='word_1_197' title='bbox 463 2192 642 2246; x_wconf 80' lang='lat'>159,17</span> <span class='ocrx_word' id='word_1_198' title='bbox 678 2187 930 2245; x_wconf 83' lang='lat' dir='ltr'>‘putret.’</span> 
     </span>
    </p>
   </div>
   <div class='ocr_carea' id='block_1_13' title="bbox 308 2275 1871 2330">
    <p class='ocr_par' dir='ltr' id='par_1_14' title="bbox 308 2275 1871 2330">
     <span class='ocr_line' id='line_1_29' title="bbox 308 2275 1871 2330; baseline -0.001 -8"><span class='ocrx_word' id='word_1_199' title='bbox 308 2278 535 2322; x_wconf 65' lang='lat' dir='ltr'>Baccheos</span> <span class='ocrx_word' id='word_1_200' title='bbox 564 2277 791 2321; x_wconf 74' lang='lat' dir='ltr'>indicavit</span> <span class='ocrx_word' id='word_1_201' title='bbox 818 2276 1093 2321; x_wconf 68' lang='lat' dir='ltr'>Ritscbelias</span> <span class='ocrx_word' id='word_1_202' title='bbox 1121 2290 1222 2320; x_wconf 77' lang='lat' dir='ltr'>nov.</span> <span class='ocrx_word' id='word_1_203' title='bbox 1253 2289 1425 2320; x_wconf 78' lang='lat' dir='ltr'>excwrs.</span> <span class='ocrx_word' id='word_1_204' title='bbox 1458 2275 1615 2319; x_wconf 77' lang='lat' dir='ltr'>Plaut.</span> <span class='ocrx_word' id='word_1_205' title='bbox 1640 2276 1676 2318; x_wconf 91' lang='lat' dir='ltr'><strong>I</strong></span> <span class='ocrx_word' id='word_1_206' title='bbox 1692 2279 1764 2330; x_wconf 87' lang='lat'>65,</span> <span class='ocrx_word' id='word_1_207' title='bbox 1793 2277 1871 2320; x_wconf 84' lang='lat' dir='ltr'>sed</span> 
     </span>
    </p>
   </div>
   <div class='ocr_carea' id='block_1_14' title="bbox 191 2334 1870 2450">
    <p class='ocr_par' dir='ltr' id='par_1_15' title="bbox 191 2334 1870 2450">
     <span class='ocr_line' id='line_1_30' title="bbox 191 2334 1870 2402; baseline -0.001 -23"><span class='ocrx_word' id='word_1_208' title='bbox 191 2337 308 2380; x_wconf 78' lang='lat' dir='ltr'>idem</span> <span class='ocrx_word' id='word_1_209' title='bbox 337 2338 511 2402; x_wconf 74' lang='lat' dir='ltr'>senarii</span> <span class='ocrx_word' id='word_1_210' title='bbox 539 2337 696 2380; x_wconf 82' lang='lat' dir='ltr'>varias</span> <span class='ocrx_word' id='word_1_211' title='bbox 723 2337 896 2391; x_wconf 78' lang='lat' dir='ltr'>formas</span> <span class='ocrx_word' id='word_1_212' title='bbox 925 2336 1001 2391; x_wconf 79' lang='lat' dir='ltr'>(cf.</span> <span class='ocrx_word' id='word_1_213' title='bbox 1032 2349 1182 2391; x_wconf 79' lang='lat' dir='ltr'>opusc.</span> <span class='ocrx_word' id='word_1_214' title='bbox 1214 2334 1258 2377; x_wconf 93' lang='grc' dir='ltr'>Π</span> <span class='ocrx_word' id='word_1_215' title='bbox 1281 2336 1384 2392; x_wconf 80' lang='grc'>621)</span> <span class='ocrx_word' id='word_1_216' title='bbox 1409 2335 1662 2391; x_wconf 76' lang='lat' dir='ltr'>proposuit.</span> <span class='ocrx_word' id='word_1_217' title='bbox 1709 2348 1870 2402; x_wconf 81' lang='lat' dir='ltr'>quam-</span> 
     </span>
     <span class='ocr_line' id='line_1_31' title="bbox 192 2393 1869 2450; baseline 0 -12"><span class='ocrx_word' id='word_1_218' title='bbox 192 2409 332 2449; x_wconf 87' lang='lat' dir='ltr'>quam</span> <span class='ocrx_word' id='word_1_219' title='bbox 367 2394 433 2438; x_wconf 90' lang='lat' dir='ltr'>mi</span> <span class='ocrx_word' id='word_1_220' title='bbox 466 2394 691 2450; x_wconf 85' lang='lat' dir='ltr'>anm&#39;sque</span> <span class='ocrx_word' id='word_1_221' title='bbox 724 2396 771 2438; x_wconf 92' lang='lat' dir='ltr'>et</span> <span class='ocrx_word' id='word_1_222' title='bbox 803 2408 843 2438; x_wconf 91' lang='lat' dir='ltr'>a.</span> <span class='ocrx_word' id='word_1_223' title='bbox 875 2394 921 2437; x_wconf 92' lang='lat' dir='ltr'>h.</span> <span class='ocrx_word' id='word_1_224' title='bbox 957 2408 996 2437; x_wconf 90' lang='lat' dir='ltr'>c.</span> <span class='ocrx_word' id='word_1_225' title='bbox 1027 2409 1071 2450; x_wconf 87' lang='lat' dir='ltr'>p.</span> <span class='ocrx_word' id='word_1_226' title='bbox 1105 2394 1413 2438; x_wconf 72' lang='lat' dir='ltr'>Hermwnus.</span> <span class='ocrx_word' id='word_1_227' title='bbox 1461 2393 1646 2438; x_wconf 71' lang='lat' dir='ltr'>Senarii</span> <span class='ocrx_word' id='word_1_228' title='bbox 1669 2395 1869 2450; x_wconf 77' lang='lat' dir='ltr'>primam</span> 
     </span>
    </p>
   </div>
   <div class='ocr_carea' id='block_1_15' title="bbox 190 2453 1785 2718">
    <p class='ocr_par' dir='ltr' id='par_1_16' title="bbox 190 2453 1785 2718">
     <span class='ocr_line' id='line_1_32' title="bbox 191 2453 1455 2511; baseline -0.002 -13"><span class='ocrx_word' id='word_1_229' title='bbox 191 2455 414 2511; x_wconf 79' lang='lat' dir='ltr'>syllabam</span> <span class='ocrx_word' id='word_1_230' title='bbox 445 2456 495 2511; x_wconf 87' lang='lat' dir='ltr'>(e.</span> <span class='ocrx_word' id='word_1_231' title='bbox 528 2468 564 2499; x_wconf 88' lang='lat' dir='ltr'>c.</span> <span class='ocrx_word' id='word_1_232' title='bbox 595 2456 723 2511; x_wconf 89' lang='lat' dir='ltr'>nam)</span> <span class='ocrx_word' id='word_1_233' title='bbox 754 2454 848 2510; x_wconf 76' lang='lat' dir='ltr'>ipse</span> <span class='ocrx_word' id='word_1_234' title='bbox 878 2453 986 2499; x_wconf 83' lang='lat' dir='ltr'>olim</span> <span class='ocrx_word' id='word_1_235' title='bbox 1015 2453 1282 2510; x_wconf 66' lang='lat' dir='ltr'>emple‘ndam</span> <span class='ocrx_word' id='word_1_236' title='bbox 1311 2454 1455 2498; x_wconf 79' lang='lat' dir='ltr'>statui</span> 
     </span>
     <span class='ocr_line' id='line_1_33' title="bbox 945 2562 1115 2625; baseline 0 -16"><span class='ocrx_word' id='word_1_237' title='bbox 945 2562 1115 2625; x_wconf 85' lang='lat' dir='ltr'><strong>XVIII</strong></span> 
     </span>
     <span class='ocr_line' id='line_1_34' title="bbox 190 2643 1785 2718; baseline -0.003 -18"><span class='ocrx_word' id='word_1_238' title='bbox 190 2645 303 2700; x_wconf 79' lang='lat' dir='ltr'>Aut</span> <span class='ocrx_word' id='word_1_239' title='bbox 339 2665 424 2700; x_wconf 91' lang='lat' dir='ltr'>me</span> <span class='ocrx_word' id='word_1_240' title='bbox 464 2647 666 2718; x_wconf 74' lang='lat' dir='ltr'>occide,</span> <span class='ocrx_word' id='word_1_241' title='bbox 703 2645 853 2698; x_wconf 86' lang='lat' dir='ltr'>illinc</span> <span class='ocrx_word' id='word_1_242' title='bbox 891 2646 936 2698; x_wconf 86' lang='lat' dir='ltr'>si</span> <span class='ocrx_word' id='word_1_243' title='bbox 974 2649 1200 2715; x_wconf 76' lang='lat' dir='ltr'>usquam</span> <span class='ocrx_word' id='word_1_244' title='bbox 1238 2645 1509 2714; x_wconf 69' lang='lat' dir='ltr'>probitam</span> <span class='ocrx_word' id='word_1_245' title='bbox 1545 2643 1785 2714; x_wconf 85' lang='lat' dir='ltr'>gradum.</span> 
     </span>
    </p>
   </div>
   <div class='ocr_carea' id='block_1_16' title="bbox 189 2742 1868 2850">
    <p class='ocr_par' dir='ltr' id='par_1_17' title="bbox 189 2742 1868 2850">
     <span class='ocr_line' id='line_1_35' title="bbox 306 2742 1868 2804; baseline -0.002 -14"><span class='ocrx_word' id='word_1_246' title='bbox 306 2747 426 2791; x_wconf 90' lang='lat' dir='ltr'>Non.</span> <span class='ocrx_word' id='word_1_247' title='bbox 461 2752 567 2802; x_wconf 87' lang='lat'>154,</span> <span class='ocrx_word' id='word_1_248' title='bbox 592 2752 618 2791; x_wconf 89' lang='grc'><strong>3</strong></span> <span class='ocrx_word' id='word_1_249' title='bbox 662 2745 1017 2804; x_wconf 80' lang='lat' dir='ltr'>‘prouidere’</span> <span class='ocrx_word' id='word_1_250' title='bbox 1059 2745 1369 2804; x_wconf 85' lang='lat' dir='ltr'>(probitere</span> <span class='ocrx_word' id='word_1_251' title='bbox 1402 2742 1703 2801; x_wconf 84' lang='lat' dir='ltr'>Stewechius)</span> <span class='ocrx_word' id='word_1_252' title='bbox 1738 2744 1868 2800; x_wconf 77' lang='lat' dir='ltr'>‘pro—</span> 
     </span>
     <span class='ocr_line' id='line_1_36' title="bbox 189 2806 610 2850; baseline 0 0"><span class='ocrx_word' id='word_1_253' title='bbox 189 2820 374 2850; x_wconf 87' lang='lat' dir='ltr'>mouere</span> <span class='ocrx_word' id='word_1_254' title='bbox 406 2806 610 2850; x_wconf 86' lang='lat' dir='ltr'>ecferre.’</span> 
     </span>
    </p>
   </div>
   <div class='ocr_carea' id='block_1_17' title="bbox 307 2874 1867 2949">
    <p class='ocr_par' dir='ltr' id='par_1_18' title="bbox 307 2874 1867 2949">
     <span class='ocr_line' id='line_1_37' title="bbox 307 2874 1867 2949; baseline -0.001 -13"><span class='ocrx_word' id='word_1_255' title='bbox 307 2893 439 2938; x_wconf 88' lang='lat' dir='ltr'>illinc</span> <span class='ocrx_word' id='word_1_256' title='bbox 479 2893 518 2936; x_wconf 87' lang='lat' dir='ltr'>si</span> <span class='ocrx_word' id='word_1_257' title='bbox 556 2907 755 2949; x_wconf 87' lang='lat' dir='ltr'>usquam</span> <span class='ocrx_word' id='word_1_258' title='bbox 786 2894 968 2939; x_wconf 77' lang='lat' dir='ltr'>Vossius</span> <span class='ocrx_word' id='word_1_259' title='bbox 1005 2891 1091 2935; x_wconf 89' lang='lat' dir='ltr'>illa</span> <span class='ocrx_word' id='word_1_260' title='bbox 1128 2874 1310 2935; x_wconf 48' lang='lat' dir='ltr'>biuc&#39;si</span> <span class='ocrx_word' id='word_1_261' title='bbox 1338 2903 1396 2934; x_wconf 90' lang='lat' dir='ltr'>ne</span> <span class='ocrx_word' id='word_1_262' title='bbox 1427 2904 1626 2945; x_wconf 86' lang='lat' dir='ltr'>usquam</span> <span class='ocrx_word' id='word_1_263' title='bbox 1655 2901 1692 2948; x_wconf 81' lang='grc' dir='ltr'><strong>ψ</strong></span> <span class='ocrx_word' id='word_1_264' title='bbox 1725 2893 1793 2948; x_wconf 73' lang='lat' dir='ltr'>(in</span> <span class='ocrx_word' id='word_1_265' title='bbox 1826 2891 1867 2935; x_wconf 87' lang='lat' dir='ltr'>si</span> 
     </span>
    </p>
   </div>
  </div>
 </body>
</html>
