2020 3140
215 103 322 155 302
500 102 583 145 Ex
613 100 890 145 INCERTIS
920 97 1320 144 INCERTORVM
1349 71 1601 144 FABVLIS

332 233 567 279 Charisius
613 248 657 290 p.
700 238 786 277 252
818 233 868 277 P.
942 233 1051 289 ‘per
1101 230 1463 288 paralipsim‚
1518 246 1623 275 cum
1674 232 1891 276 uolumus

209 295 436 351 negantes
461 291 643 347 aliquid
666 291 888 348 indicare,
910 293 1172 346 tamquam:
1197 303 1307 333 non
1330 292 1720 335 commemoro’
1741 305 1778 336 e.
1793 306 1836 347 q.
1853 306 1888 335 s.

208 353 337 396 Idem
359 367 403 408 p.
430 357 514 395 253
539 351 588 396 P.
641 351 873 407 ‘negando
906 365 1011 393 cum
1042 349 1157 405 quid
1185 351 1412 405 negantes
1442 349 1657 394 uolumus
1680 350 1890 394 indicare

209 414 349 467 atque
388 410 757 467 improperantes
796 408 1044 464 beneficia,
1085 421 1205 463 quae
1237 407 1431 451 audiens
1463 411 1767 465 cognoscatzo?
1803 409 1888 467 (in-

205 470 439 513 finitivum
485 468 712 514 excidisse
760 468 928 513 statuit
973 467 1170 524 Keilius)
1220 467 1355 510 ‘non
1400 469 1667 512 memoro'
1702 482 1739 513 e.
1774 483 1817 524 q.
1852 484 1887 513 s,

204 529 397 572 Medeae
423 531 531 572 sunt
553 528 630 572 vel
646 527 888 572 Ennianae
911 526 988 571 vel
1003 526 1251 583 Accianae‚
1278 526 1340 569 ad
1355 525 1591 583 Euripidis
1615 542 1657 572 v.
1683 532 1769 571 476
1788 542 1886 583 sqq.

206 587 478 644 exemplum.
542 586 609 631 Cf.
648 586 757 631 hist.
790 589 909 644 trag.
945 591 1043 630 155.
1079 590 1176 629 533.

323 681 345 719 1
378 689 582 720 memoro
621 677 715 721 cod.
750 691 799 732 p.
833 680 917 719 253
1042 673 1257 717 draconis
1298 673 1430 717 saeui
1471 673 1623 730 sopiui
1659 673 1886 731 impetum

204 736 450 780 Fabricius
490 734 703 779 draconis
743 734 875 778 saeui
913 732 1089 790 sopiuit
1126 733 1354 789 impetum
1390 735 1484 778 cod.
1511 748 1560 789 Ρ.
1595 738 1680 777 253
1712 733 1886 777 latroni

205 793 350 838 statui
383 793 591 850 oppressi
613 795 709 839 cod.
728 809 777 850 p.
804 798 889 837 252
982 797 1007 835 2
1033 806 1128 836 11011
1152 792 1278 847 quod
1303 791 1461 836 domui
1489 792 1587 835 uim
1610 795 1691 849 (an
1713 792 1835 849 ignis
1846 795 1884 850 Ρ)

202 856 443 897 taurorum
466 854 815 898 Lindemawnus
846 855 894 896 et
925 852 1088 895 domus
1119 850 1214 894 ista
1243 851 1450 895 uirorum
1480 853 1574 896 cod.
1602 866 1651 908 p.
1678 856 1762 896 252
1789 866 1885 896 11011

203 913 328 968 quod
361 912 572 956 domauit
601 912 727 955 uiros
759 913 853 957 cod.
881 927 928 968 p.
956 915 1041 955 253
1133 913 1316 954 armata
1347 912 1441 955 cod.
1468 925 1518 967 p.
1546 915 1630 954 252

981 1035 1114 1084 XCV

957 1119 1143 1172 Medea

1341 1211 1498 1245 comu
1539 1211 1621 1245 em

119 1282 415 1353 175'IHum,
453 1281 625 1335 Amor
664 1301 821 1352 quem
855 1282 1093 1352 dederat,
1133 1281 1225 1350 qui
1254 1281 1376 1350 plus
1406 1212 1573 1350 p6llget
1603 1281 1887 1351 potiorque

1267 1371 1348 1422 est
1383 1373 1549 1439 patre.

321 1472 479 1517 Cicero
511 1472 646 1517 Tusc.
680 1471 796 1528 disp.
825 1472 890 1516 IV
914 1477 984 1528 32,
1011 1476 1065 1515 69
1101 1470 1234 1527 ‘quid
1266 1470 1334 1514 ait
1365 1484 1422 1514 ex
1450 1470 1697 1527 tragoedia
1727 1470 1882 1527 prin-

203 1545 333 1588 ceps
371 1531 453 1576 ille
483 1531 975 1588 Argonautarum?
1022 1531 1157 1589 [Enn.
1189 1530 1312 1574 Med.
1344 1529 1426 1588 XI]
1465 1529 1580 1585 quid
1617 1537 1757 1586 ergo?
1804 1529 1882 1573 hic

203 1605 332 1635 amor
354 1591 584 1634 Medeae
609 1593 787 1646 quanta
810 1589 1103 1633 miseriarum
1127 1588 1353 1633 excitauit
1374 1588 1612 1633 incendia!
1646 1591 1786 1645 atque
1818 1603 1882 1633 ea

202 1652 361 1694 tamen
401 1650 549 1707 apud
588 1649 763 1694 alium
792 1651 1020 1705 poetam
1050 1648 1207 1705 patri
1238 1647 1428 1692 dicere
1461 1648 1634 1692 audet
1665 1662 1721 1691 se
1753 1662 1883 1691 con-

204 1708 392 1766 iugem
414 1709 689 1753 habuisse
715 1709 815 1767 [2].’
863 1708 939 1752 Ad
961 1707 1159 1752 Pacuvii
1182 1707 1371 1752 Medum
1395 1707 1507 1751 olim
1529 1709 1879 1751 reuocauerunt.

321 1803 347 1841 2
379 1798 497 1842 haec
527 1811 641 1862 corr.
673 1812 730 1842 m.
763 1798 916 1841 eadem
946 1799 998 1841 in
1030 1799 1101 1840 est
1135 1796 1256 1842 Gud.

956 1920 1117 1969 XCVI

122 2019 205 2058 177
224 2006 339 2069 Qua
377 2009 533 2058 caiisa
571 2023 810 2058 accusem
847 2005 1025 2058 hunc?
1102 2026 1128 2055 ιο(
1206 2026 1231 2055 *
1310 2026 1336 2053 ,ιι

212 2094 354 2148 Nam
398 2094 450 2147 si
488 2097 726 2163 ueretur,
773 2093 903 2163 quid
943 2112 1065 2146 eum
1105 2112 1340 2164 accuses,
1392 2094 1484 2162 qui
1523 2095 1604 2146 est
1640 2093 1880 2162 probus?

215 2182 310 2235 Sin
343 2182 767 2235 -inuerecundum
805 2182 970 2233 animi
1009 2182 1286 2252 ingenium
1322 2181 1580 2252 possidet,

115 2283 197 2323 180
220 2270 359 2333 Quid
382 2273 561 2323 alitem
585 2289 706 2322 eum
731 2288 941 2322 accuses
967 2271 1059 2339 qui
1082 2269 1139 2322 id
1161 2269 1315 2339 parui
1338 2269 1578 2321 auditum
1600 2269 1880 2321 aestimet?

315 2371 452 2415 Rhet.
485 2371 547 2414 ad
577 2371 774 2414 Herenn.
799 2371 843 2413 Π
867 2375 944 2427 26,
969 2375 1026 2413 42
1070 2370 1211 2414 ‘item
1244 2369 1467 2429 uitiosum
1498 2371 1570 2413 est
1599 2369 1754 2426 ipsum
1785 2368 1875 2412 sibi

198 2429 248 2472 in
287 2444 371 2473 sua
411 2429 619 2474 oratione
659 2429 907 2473 dissentire
939 2431 987 2473 et
1018 2431 1181 2473 contra
1211 2442 1330 2484 quae
1364 2431 1473 2472 ante
1506 2428 1675 2472 dixerit
1707 2427 1872 2482 dicere,

199 2488 288 2532 hoc
318 2489 455 2532 modo
483 2490 542 2547 [v.
572 2490 631 2546 1]‚
662 2491 765 2532 tum
795 2488 845 2530 id
877 2489 1143 2544 exputando
1175 2487 1411 2532 euoluere:
1445 2488 1612 2545 [2—4].
1667 2487 1773 2530 Non
1803 2485 1871 2528 in-

200 2547 441 2591 commoda
471 2547 653 2591 ratione
684 2547 872 2590 uidetur
903 2547 994 2590 sibi
1026 2546 1298 2602 ostendisse,
1331 2559 1474 2602 quare
1501 2560 1595 2589 non
1618 2546 1869 2588 accusaret.

203 2605 353 2658 Quid?
399 2609 600 2662 postea
647 2605 761 2662 quid
809 2606 907 2650 ait?
954 2605 1184 2663 [XCVH]’
1249 2605 1324 2649 Sic
1371 2605 1431 2648 ad
1474 2605 1697 2647 librorum
1735 2603 1872 2645 fidem

199 2663 444 2720 Kayserus.
494 2665 651 2708 Cicero
685 2665 741 2708 de
771 2664 864 2709 inv.
891 2666 912 2708 I
935 2669 1005 2720 45,
1031 2669 1086 2708 83
1122 2665 1223 2707 ‘aut
1247 2663 1548 2708 conuersione
1572 2664 1654 2705 aut
1677 2661 1868 2704 alterius

199 2723 347 2778 partis
374 2723 704 2767 infirmatione’
732 2722 1102 2780 (reprehenditur
1123 2723 1246 2766 falsa
1270 2721 1545 2778 complexio)
1574 2721 1686 2763 ‘hoc
1709 2720 1869 2765 modo:

201 2782 357 2839 [2—4]
383 2805 385 2807 ·
411 2782 498 2825 Hic
539 2782 637 2825 siue
675 2782 826 2826 uereri
866 2781 1036 2825 dixeris
1069 2781 1168 2825 siue
1199 2795 1293 2825 non
1322 2779 1493 2835 uereri,
1526 2778 1870 2822 concedendum

201 2839 288 2882 hoc
325 2842 483 2896 putat,
524 2843 577 2884 ut
613 2854 755 2897 neges
792 2854 891 2884 esse
924 2841 1279 2891 accusandumw
1311 2838 1444 2892 Quod
1474 2836 1772 2880 conuersione
1805 2837 1871 2881 sic

202 2899 583 2952 reprehendetur:
615 2900 756 2942 immo
788 2913 897 2942 uero
930 2899 1217 2942 accusandus
1250 2899 1333 2941 est.
1393 2909 1504 2939 nam
1537 2895 1583 2938 si
1615 2909 1678 2939 ue
1693 2898 1869 2952 retur,
