1980 3146
818 112 867 155 L.
900 111 1111 156 Accrvs
1695 112 1804 164 255

927 245 1009 299 III

124 334 272 388 Iouis
311 334 622 388 Dardanum
660 336 970 407 progenuit,
1010 334 1210 388 Troum
1248 335 1528 388 Dardanus
1536 379 1550 406 ,
1789 335 1896 389 653¹

125 422 402 493 Trousque
440 422 759 476 Assaracum
799 427 852 476 et
890 422 1047 476 'Ilum
1086 427 1140 476 et
1180 422 1504 477 Catamitum
1545 424 1734 495 [creat]
1743 467 1757 495 ,

127 511 285 582 Gapis
324 515 388 566 ex
427 512 686 566 Assaraco
764 555 1305 565 .......

124 600 449 670 <Alumento
491 619 555 654 ex
592 600 710 669 Ilo>
748 601 894 653 satus
934 600 1026 669 qui
1066 601 1256 652 statuit
1292 600 1635 672 Pergamum,

78 710 99 743 5
123 689 414 743 Alumento
452 689 749 759 Priamum,
791 687 948 758 Gapis
988 691 1166 741 autem
1204 687 1455 741 Ancisem
1496 690 1675 742 edidit.

241 784 392 828 Schol.
433 781 687 827 Bernensia
718 782 779 826 ad
809 781 946 839 Verg.
981 795 1051 839 ge.
1085 782 1106 824 Ι
1131 786 1215 825 502
1251 781 1436 825 ‘Accius
1470 783 1630 828 docet:
1677 783 1804 840 Iup-

121 842 273 900 piter
302 842 626 886 Dardanum
656 840 877 898 genuit,
910 841 1210 884 Dardanus
1241 841 1463 897 Troum,
1496 841 1673 885 Trous
1705 843 1804 886 As-

123 916 379 946 saracum
410 904 465 945 et
494 900 663 944 Ilium
687 900 1200 957 Ganymedemque3
1234 899 1402 956 Capis
1435 914 1500 944 ex
1522 900 1802 946 Assaraco

123 964 281 1005 satus
312 960 409 1017 qui
441 959 654 1004 statuit
683 961 1036 1016 Pergamum,
1078 959 1402 1003 Laomedon
1432 959 1718 1003 Priamum
1749 963 1804 1005 et

120 1020 421 1064 Anchisem
451 1018 668 1064 edidit.’
724 1019 903 1063 Eadem
934 1019 996 1063 ad
1029 1018 1223 1062 verbum
1244 1018 1341 1062 fere
1366 1018 1509 1063 schol.
1534 1018 1678 1076 Leid.,
1710 1019 1804 1064 nisi

106 1080 246 1136 'quod
277 1079 353 1123 hic
383 1078 525 1122 Ilum
554 1081 601 1122 et
624 1078 719 1134 qui
742 1079 1072 1136 Pergamum
1097 1077 1421 1122 construxit
1445 1080 1493 1122 et
1516 1078 1803 1123 Anchisen

119 1139 304 1196 legitur.
368 1138 433 1183 Cf.
467 1137 574 1183 hist.
609 1140 727 1195 trag.
759 1142 847 1183 408
878 1139 928 1181 'et
957 1137 1136 1181 Probus
1169 1137 1231 1181 ad
1260 1151 1332 1194 ge.
1363 1137 1514 1185 11134,

240 1226 263 1263 1
281 1235 370 1277 sqq.
409 1219 701 1265 Senariorum
731 1219 917 1275 speciem
947 1233 1060 1276 quae
1088 1220 1234 1264 verbis
1266 1217 1403 1275 Capis
1431 1255 1438 1262 .
1461 1254 1469 1262 .
1491 1255 1498 1262 .
1525 1216 1803 1275 Pergamum

119 1281 351 1324 exhibetur
404 1279 585 1335 primus
637 1279 820 1336 aynovit
872 1278 934 1321 H.
982 1278 1162 1336 Hayen.
1225 1279 1336 1322 Non
1390 1277 1708 1334 Ganymedem
1760 1285 1803 1324 et

119 1338 399 1394 Laomedon,
423 1339 500 1382 sed
522 1336 808 1381 Catamitum
829 1342 872 1382 et
886 1336 1136 1381 Alumento
1160 1336 1353 1382 Accium
1376 1338 1543 1382 dixisse
1566 1344 1803 1383 monuerat

119 1398 405 1442 Bitschelius.
462 1397 536 1441 De
565 1397 760 1454 sinyulis
780 1402 964 1452 praeter
985 1411 1054 1451 ea,
1085 1411 1200 1453 quae
1221 1410 1363 1453 supra
1379 1397 1571 1452 protuli,
1594 1398 1804 1442 testanda

119 1458 226 1501 haec
262 1462 380 1502 sunt.
444 1457 684 1500 Excidisse
714 1455 1039 1500 Laomedontis
1076 1469 1131 1499 eoe
1160 1456 1238 1501 110
1276 1461 1424 1500 ortum
1455 1461 1496 1500 et
1525 1457 1678 1511 illum,
1706 1469 1803 1500 non

122 1515 284 1574 Capyn
319 1516 594 1560 conditorem
625 1515 838 1573 Peryami
867 1516 1108 1560 dicendum
1135 1516 1277 1570 fuisse
1301 1515 1533 1571 perspexit
1563 1514 1798 1573 Hayenus,

119 1591 150 1620 a
180 1589 267 1632 quo
297 1588 345 1619 eo
376 1580 556 1619 tantum
585 1574 813 1631 dissentio,
844 1575 964 1631 quod
992 1588 1204 1619 mancum
1233 1575 1503 1619 versiculum
1533 1575 1679 1628 tertio,
1708 1588 1802 1618 non

118 1639 172 1679 ut
200 1635 277 1678 ille
308 1639 470 1691 quarto
498 1635 592 1678 loco
609 1634 748 1690 posui
837 1638 862 1676 5
896 1632 1048 1689 Capus
1074 1635 1232 1677 autem
1254 1632 1504 1677 Anchisem
1528 1633 1802 1678 Bitschelius

209 1692 437 1737 ancissem
467 1693 606 1737 Rern.
640 1693 686 1736 B
716 1691 934 1749 Agcisem
964 1692 1134 1737 Accius
1162 1694 1343 1749 scripsit

924 1801 997 1848 IV

210 1927 221 1937 .
298 1903 418 1937 cum
457 1885 711 1956 uirginali
748 1885 946 1938 mundo
987 1886 1124 1938 clam
1160 1889 1312 1955 patre

237 1977 402 2022 Festus
425 1993 469 2034 p.
490 1983 574 2021 142
591 1979 651 2022 M.
689 1979 951 2023 ‘mundus
976 1979 1121 2023 etiam
1143 1978 1351 2022 mulieris
1378 1979 1588 2036 [ornatus
1613 1977 1797 2036 dicitur,

119 2064 174 2070 -—
207 2064 267 2070 --
297 2036 486 2082 Accius:
520 2038 641 2081 cum’
677 2051 714 2082 e.
749 2053 791 2093 q.
826 2053 860 2082 S.

237 2120 373 2175 pater
403 2120 496 2163 cod.
938 2185 984 2230 V

118 2267 290 2320 Video
330 2268 572 2336 sepulcra
611 2268 714 2321 duo
755 2269 981 2321 duorum
1021 2270 1317 2337 corporum.
1799 2283 1884 2323 655

238 2360 293 2403 V.
325 2360 389 2403 VI
425 2359 583 2404 Cicero
617 2360 742 2405 Orat.
776 2367 846 2417 46,
874 2366 959 2405 156
994 2361 1271 2418 ‘pleneque’
1306 2359 1606 2416 (planeque
1637 2360 1796 2418 vulgo)

124 2420 338 2463 ‘duorum
375 2417 580 2462 uirorum
616 2418 841 2463 iudicium
881 2422 964 2463 aut
1000 2419 1143 2463 trium
1173 2419 1379 2463 uirorum
1409 2418 1684 2476 capitalium
1713 2423 1797 2464 aut

121 2478 281 2522 decem
334 2477 539 2521 uirorum
593 2477 799 2522 stlitibus
852 2477 1117 2523 iudicandis
1172 2478 1276 2522 dico
1322 2492 1590 2534 numquam.
1650 2479 1796 2535 Atqui

122 2537 241 2581 dixit
278 2536 446 2580 Accius
487 2537 567 2595 [V]
606 2537 822 2592 idemque
861 2534 978 2595 [VI]
1042 2536 1163 2590 Quid
1209 2550 1370 2581 uerum
1417 2537 1500 2593 sit,
1547 2536 1795 2596 intellego:

122 2597 204 2640 sed
243 2595 361 2639 alias
402 2595 470 2639 ita
510 2595 674 2651 loquor
711 2598 765 2639 ut
803 2609 1071 2639 concessum
1102 2598 1194 2652 est,
1233 2598 1287 2639 ut
1315 2596 1403 2640 hoc
1435 2596 1512 2640 uel
1542 2611 1626 2653 pro
1658 2597 1796 2641 deum

122 2654 226 2698 dico
261 2655 338 2698 uel
369 2669 453 2711 pro
486 2654 695 2700 deorum:
737 2654 855 2698 alias
886 2657 940 2698 ut
970 2668 1157 2699 necesse
1189 2657 1279 2710 est,
1322 2669 1426 2698 cum
1455 2654 1599 2699 trium
1628 2655 1795 2712 uirum²

119 2728 214 2757 non
243 2713 469 2759 uirorum:
503 2728 607 2758 cum
640 2713 904 2757 sestertium
926 2728 1178 2770 nummum,
1209 2727 1303 2758 non
1324 2728 1637 2759 nummorum:
1670 2715 1794 2770 quod

120 2772 170 2815 in
199 2772 274 2815 his
306 2773 591 2817 consuetudo
624 2772 756 2816 uaria
785 2786 880 2816 non
904 2774 1006 2817 est.’
1057 2771 1122 2817 Cf.
1147 2773 1275 2816 Verr.
1301 2773 1343 2817 V
1368 2777 1437 2829 36,
1463 2777 1532 2818 94.
1567 2772 1681 2817 Cum
1703 2773 1792 2818 inc.

121 2831 210 2875 inc.
243 2831 338 2875 fab.
370 2847 412 2875 v.
441 2836 523 2875 127
543 2847 608 2887 sq.
642 2830 860 2888 coniungi
891 2831 994 2875 vult
1023 2831 1263 2889 Bergkius.

240 2912 332 2956 dua
366 2912 492 2957 Flor.
530 2913 692 2958 Ottob.:
725 2913 781 2967 cf.
820 2913 1134 2970 Quintilianus
1163 2913 1198 2956 Ι
1223 2917 1262 2969 5,
1293 2917 1344 2956 15
