1992 3100
721 800 1261 872 PRAEFATIO

267 1039 569 1092 Thesaurus
607 1039 939 1109 Latinitatis,
987 1040 1078 1108 qui
1122 1040 1371 1109 auspiciis
1409 1040 1829 1093 consociatamm

158 1124 544 1210 academ—iarum
579 1135 990 1188 Teutonioarum
1030 1136 1264 1205 quinque
1305 1136 1563 1207 conditur,
1600 1155 1683 1189 me
1722 1155 1831 1189 mo-

159 1232 258 1303 vit,
303 1235 364 1284 ut
400 1232 864 1302 perpoliendorum
905 1223 1171 1285 scaenicae
1209 1233 1573 1286 Romanorum
1611 1251 1830 1302 poeseos

160 1329 447 1382 frustorum
482 1329 720 1382 laborem
752 1329 1023 1399 ingratum
1054 1333 1106 1382 et
1138 1329 1409 1382 infinitum
1439 1329 1598 1383 tertio
1636 1333 1829 1383 conatu

149 1426 492 1495 susciperem.
556 1445 660 1495 qua
698 1426 755 1477 in
785 1444 842 1478 re
874 1425 1002 1494 quid
1033 1426 1116 1478 vel
1149 1405 1405 1496 apparatu
1436 1426 1677 1497 augendo
1707 1418 1829 1480 'oon-

155 1522 414 1575 trahendo
465 1522 775 1592 corrigendo
830 1522 915 1574 vel
966 1522 1209 1591 reliquiis
1263 1523 1393 1591 ipsis
1443 1523 1828 1576 constituendis

154 1619 513 1688 praestiterim
551 1637 712 1687 penes
752 1618 934 1671 doctos
974 1619 1229 1673 iudicium
1269 1622 1398 1672 esto,

266 1715 531 1767 Monenda
584 1732 753 1784 pauca
805 1718 1021 1767 restant.
1099 1716 1301 1768 seilicet
1350 1715 1627 1768 brevitatis
1675 1734 1831 1769 causa

155 1810 431 1865 Nonianos
471 1796 674 1863 codices
707 1811 857 1882 siglis
886 1812 1068 1864 notavi
1100 1812 1326 1881 usitatiS‚
1364 1812 1468 1865 nisi
1501 1794 1643 1882 quod
1676 1811 1830 1865 Guel-

155 1898 513 1977 ferbyt'anum,
550 1915 710 1977 'quem
732 1907 876 1960 alter
907 1908 1171 1961 editorum
1207 1907 1271 1977 G,
1306 1908 1438 1961 alter
1472 1909 1524 1962 V
1543 1911 1830 1978 nuncupat,

155 2004 320 2056 malui
359 2007 420 2056 ut
459 2004 588 2056 olim
626 2004 809 2057 littera
850 2005 925 2060 W
956 2004 1178 2075 signare.
1254 2008 1527 2074 praeterea
1565 2026 1606 2058 ω
1647 2023 1829 2058 omnes
1886 2076 1888 2079 y

156 2087 561 2169 comprehendit
598 2101 766 2153 libros
803 2101 1207 2171 manuscriptos,
1245 2110 1286 2165 ψ
1326 2101 1495 2154 bonos
1533 2102 1829 2173 plerosque,

155 2217 186 2266 χ
241 2196 547 2267 deteriores,
609 2218 650 2266 φ
705 2197 940 2266 reliquos
1002 2215 1184 2249 omnes
1243 2200 1453 2266 praeter
1511 2198 1829 2251 nominatim

155 2292 414 2347 laudatos.
476 2312 596 2346 eum
637 2293 729 2362 qui
768 2312 904 2345 anno
947 2293 1087 2345 1878
1129 2293 1268 2362 apud
1305 2293 1364 2346 Β.
1400 2293 1458 2346 Gr.
1491 2293 1827 2348 Teubnerum

112 2429 114 2431 -
154 2388 392 2443 Nonium
432 2390 602 2447 edidit,
635 2393 764 2442 nota
800 2407 837 2442 x
875 2389 1114 2460 intellegi
1154 2389 1290 2442 volo

264 2484 648 2537 Buechelerum
717 2503 916 2553 meum,
985 2484 1076 2553 qui
1144 2485 1529 2553 perlustrandis
1596 2487 1827 2557 plagulis

155 2580 411 2649 novisque
465 2581 695 2634 inventis
750 2581 944 2659 iterum
998 2580 1060 2632 de
1114 2580 1213 2633 hae
1267 2599 1476 2650 quoque
1525 2582 1826 2635 litterarum

155 2676 465 2730 Latinarum
516 2681 668 2747 parte
723 2677 921 2746 optime
967 2677 1184 2747 meruit,
1235 2696 1344 2730 non
1388 2696 1546 2749 ,aegre
1592 2679 1826 2731 laturum

156 2791 324 2843 spero,
364 2774 506 2842 quod
542 2792 737 2846 nomen
775 2773 888 2825 eius
926 2773 982 2825 in
1021 2774 1207 2842 quavis
1241 2774 1349 2827 fere
1379 2775 1576 2845 pagina
1606 2775 1823 2828 obvium

158 2869 464 2921 detruncare
502 2869 677 2923 libuit.
