1980 3146
175 98 247 151 52
864 95 915 150 Q.
946 96 1172 142 ENNIVS

441 228 560 274 ωσθ’
595 227 752 287 ιμερός
783 230 1028 286 μούπῆλθε
1059 235 1116 287 ’γῇ
1147 245 1197 274 τε
1227 231 1442 305 κούρανῷ

440 286 568 342 λέξαι
598 288 797 346 μολούσῃ
831 290 970 344 δεῦρο
1001 285 1218 346 Μηδείας
1246 288 1399 347 τυχας.

298 376 323 414 2
354 369 540 413 Medeai
575 369 812 415 Turnebus
841 369 1036 413 Medeae
1068 386 1103 413 ω

981 471 1053 519 IV

269 556 514 609 .fluctus
551 556 840 609 uerborum
880 574 1033 609 aures
1071 559 1351 626 aucupant.

294 649 414 694 Non.
437 653 540 705 467,
561 650 657 693 15ο
670 663 771 693 auc
785 663 978 707 upau1
1012 649 1221 693 aetiuum
1241 649 1450 706 positum
1470 664 1554 707 pro
1578 650 1798 708 passiuo.

178 708 354 752 Ennius
386 709 589 753 Medea.
611 709 668 753 ..³
734 707 800 753 Cf.
833 708 963 753 chori
994 724 1036 753 v.
1065 714 1148 752 131
1181 709 1307 783 apud
1336 709 1628 766 Euripidem.

445 767 607 812 ἔκλυον
640 767 828 825 φωνάν,
862 767 1026 812 ἔκλυον
1058 767 1109 812 δὲ
1142 767 1260 828 βοάν

442 834 525 879 τᾶς
555 826 786 872 δυστάνου
809 829 825 884 ΙΙ
848 825 1074 885 Κολχίδος

295 908 462 952 fluetus
494 909 670 953 Junins
699 909 751 952 in
781 922 866 966 my.
898 907 1077 952 fructus
1110 926 1144 952 ω
1177 908 1390 954 fremitus
1421 924 1455 955 ω

999 1011 1046 1056 V

924 1094 1111 1147 Medea

182 1183 327 1247 Quae
369 1182 686 1236 Corinthum
726 1201 901 1236 arcem
941 1183 1105 1236 altam
1143 1183 1376 1254 habetis,
1422 1185 1695 1238 matronae
1735 1203 1863 1255 opu-

1242 1273 1440 1342 lentae,
1479 1275 1802 1343 optumates!

859 1345 891 1378 a:
1147 1346 1179 1379 δὲ

1003 1383 1034 1416 ³1<

93 1447 179 1487 220
196 1434 358 1487 Multi
389 1454 540 1487 suam
564 1453 677 1487 rem
701 1434 836 1486 bene
860 1452 1070 1505 gessere
1095 1438 1148 1487 et
1170 1434 1442 1504 publicam
1464 1437 1639 1505 patria
1661 1437 1864 1507 procul,

180 1524 365 1593 Multi,
405 1524 498 1593 qui
538 1523 683 1576 domi
722 1524 951 1575 aetatem
990 1526 1235 1594 agerent,
1273 1525 1494 1593 propter
1532 1543 1592 1577 ea
1630 1528 1755 1578 sunt
1785 1525 1864 1578 1'n-

1243 1612 1471 1681 probati.

301 1706 460 1750 Cicero
508 1706 570 1749 ad
615 1705 762 1749 famil.
802 1705 894 1749 VII>
924 1710 951 1749 6
1009 1705 1267 1749 ‘desideria
1311 1705 1440 1749 urbis
1487 1709 1535 1750 et
1579 1706 1862 1751 urbanitatis

185 1766 363 1822 depone
403 1768 451 1809 et
486 1779 578 1820 quo
611 1764 807 1808 consilio
837 1764 1073 1821 profectus
1107 1778 1177 1821 es,
1217 1765 1268 1808 id
1300 1764 1578 1810 assiduitate
1611 1768 1659 1810 et
1688 1765 1862 1811 uirtute

183 1837 477 1881 consequere.
539 1823 639 1868 Hoc
670 1823 760 1867 tibi
791 1826 891 1867 tam
921 1823 1214 1880 ignoscemus
1246 1838 1331 1868 nos
1363 1824 1523 1881 amici,
1561 1839 1701 1880 quam
1730 1824 1863 1882 igno-

182 1886 351 1927 uerunt
380 1882 596 1940 Medeae,
630 1896 773 1938 quae
805 1882 852 1927 C.
878 1897 919 1927 a.
946 1897 988 1927 a.
1021 1883 1333 1940 habebant,
1364 1899 1424 1927 m.
1458 1898 1498 1928 0.
1533 1883 1861 1941 optimates:

183 1942 352 1998 quibus
384 1942 469 1987 illa
499 1941 717 1986 manibus
748 1941 1093 1999 gypsatissimis
1123 1942 1369 1999 persuasit,
1399 1956 1458 1986 ne
1491 1942 1582 1986 sibi
1608 1943 1726 1987 uitio
1750 1943 1862 1987 illae

181 2004 438 2058 uerterent,
471 2001 597 2057 quod
630 2001 816 2045 abesset
848 2015 876 2045 a
905 2000 1083 2058 patria.
1122 2016 1233 2046 nam
1262 2001 1454 2046 multi’
1491 2015 1528 2045 e.
1562 2017 1605 2058 q.
1640 2017 1673 2046 s.
1734 2001 1860 2055 ‘Quo

183 2061 233 2104 111
255 2074 446 2105 numero
470 2063 524 2104 tu
548 2062 672 2104 certe
695 2059 878 2116 fuisses,
906 2059 1000 2104 nisi
1022 2062 1070 2104 te
1095 2059 1486 2106 extrusissemus
1535 2064 1618 2105 ,et
1641 2061 1863 2117 quoniam

182 2120 397 2164 Medeam
437 2119 569 2176 coepi
606 2133 764 2177 agere,
804 2119 925 2162 illud
956 2133 1136 2176 semper
1165 2122 1398 2164 memento
1431 2119 1588 2179 [XV].’
1653 2120 1863 2165 Contulit

182 2179 444 2224 Politianus
476 2178 606 2223 Mise.
640 2192 739 2235 cap.
774 2184 827 2222 27
861 2178 1098 2235 Euripidis
1130 2194 1172 2223 v.
1207 2183 1313 2224 214:

176 2254 181 2257 “
449 2235 707 2294 Κορίνθιαι
737 2244 973 2313 γυναῖκες’,
1007 2234 1082 2291 ἐξ
1089 2241 1207 2282 λθον
1240 2235 1416 2295 δόμων,-

448 2297 510 2354 μή
541 2295 619 2354 μοί
649 2313 695 2340 τι
725 2295 993 2354 μέμψησθ’·
1029 2255 1136 2341 οἶδα
1166 2296 1255 2355 »γὰρ
1286 2297 1482 2348 πολλοὺς
1513 2299 1691 2357 βροτῶν

450 2356 643 2430 σεμνοὺς
672 2363 893 2413 γεγῶτας
926 2373 1033 2407 τους
1064 2355 1148 2413 μὲν
1180 2356 1396 2413 ὀμμάτων
1429 2355 1548 2412 ἄπο,

449 2416 557 2466 τοὺς
588 2413 636 2458 δ’
673 2412 724 2460 ἐν
754 2413 991 2470 θυραίοις
1027 2415 1072 2460 οι
1103 2414 1149 2459 δ’
1185 2414 1273 2471 ἀφ’
1308 2415 1481 2472 ἡσύχου
1511 2415 1657 2466 ποδὸς

449 2474 695 2519 δυσκλειαν
728 2473 979 2529 ἐκτήσαντο
1010 2474 1091 2518 καὶ
1121 2471 1376 2534 ῥᾳθυμίαν.

187 2544 381 2585 quorum
427 2535 630 2576 mentem
674 2546 769 2576 non
814 2534 938 2576 recte
985 2519 1259 2577 adsecutum
1305 2546 1405 2576 esse
1442 2500 1644 2576 Ennium
1682 2532 1862 2576 monuit

184 2592 439 2644 praeeunte
469 2591 650 2635 Mureto
682 2606 778 2636 var.
810 2592 916 2636 lect.
948 2592 1057 2635 VIII
1091 2597 1143 2635 17
1175 2591 1439 2635 Elmsleius.

307 2675 329 2713 1
372 2671 534 2716 Versus
571 2675 755 2731 agnovit
786 2674 966 2729 primns
1003 2673 1206 2730 Angelus
1237 2673 1499 2717 Politianus
1591 2670 1862 2715 Corinthum

180 2731 395 2785 probavit
421 2731 656 2776 Bentleins
680 2731 890 2775 Corinthi
918 2732 1175 2776 Lambinus
1260 2732 1398 2788 Quem
1427 2732 1545 2774 inter
1577 2734 1599 2772 1
1633 2736 1674 2775 et
1699 2735 1723 2773 2
1755 2732 1860 2774 olim

186 2788 326 2841 fnisse
363 2790 619 2846 siqnifflcavi
655 2804 829 2835 versum
866 2791 1115 2835 Elmsleins
1152 2790 1215 2835 ad
1252 2790 1369 2834 Ewr.
1410 2789 1534 2833 Med.
1568 2793 1652 2832 209
1686 2804 1706 2833 e
1739 2789 1859 2833 Cice-

186 2859 295 2889 rone
332 2848 452 2891 hunc
490 2850 800 2894 concinnavit:
845 2850 903 2892 ne
942 2848 1058 2892 mihi
1096 2848 1226 2903 uitio
1253 2849 1337 2891 uos
1375 2846 1595 2902 uortatis‚
1641 2849 1668 2891 a
1706 2847 1861 2903 patria

189 2904 314 2957 quod
345 2905 523 2949 absiem
