1980 3146
428 89 510 133 EX
540 87 816 133 INCERTIS
847 87 1248 133 INCERTORVM
1277 87 1530 132 FABVLIS
1709 88 1818 142 275

85 197 90 201 ¹
128 221 299 265 mentis
341 221 588 265 adfectae.’
653 221 718 266 Cf.
759 221 970 265 Naekius
1012 235 1167 278 opusc.
1206 221 1227 264 I
1254 225 1354 266 350.
1417 220 1491 264 Ad
1529 220 1817 265 Cassandrae

55 282 60 289 '
131 280 365 325 canticum
397 281 522 337 quod
554 282 628 324 est
649 279 700 323 in
722 280 863 323 Ennii
887 281 1152 324 Alexandro
1178 279 1360 325 rettuli:
1392 279 1449 324 cf.
1473 279 1582 324 hist.
1608 282 1726 337 trag.
1745 285 1816 326 91.

246 370 361 413 heus
393 376 460 415 ter
491 371 595 415 cod.·
619 376 661 414 et
691 371 788 414 edd.

939 436 1011 483 XI
1077 462 1081 466 .

126 517 419 587 Postquam
452 519 547 572 abs
578 523 654 589 te,
684 518 1059 590 'Agamemn0,
1090 522 1152 571 lit
1181 519 1421 572 uenirem
1453 519 1636 590 tetigit
1664 537 1818 572 aures

262 649 270 654 .
1194 607 1438 677 mintius,

124 680 430 751 'Extemplo

245 781 403 826 Cicero
437 782 498 825 ad
527 783 625 829 Att.
657 782 765 826 XIII
789 788 844 826 47
878 784 952 838 (50
986 781 1038 826 O.
1064 782 1114 826 E.
1142 781 1371 838 Schmidt)
1407 781 1813 837 ‘Posteaquam
1881 803 1884 806 ·

128 842 225 885 abs
257 843 332 897 te,
364 841 724 898 Agamemno,
756 856 850 885 non
882 844 941 884 ut
973 841 1318 885 uenirem...
1346 841 1428 884 sed
1459 843 1513 884 ut
1545 840 1809 898 scriberem,
1871 871 1875 874 Δ

124 899 331 957 tetigit
362 914 524 944 aures
555 901 812 956 nuntius,
847 900 1130 957 extemplo
1161 900 1382 944 instituta
1415 899 1571 956 omisi3
1606 914 1662 944 ea
1686 914 1810 956 quae

123 958 174 1002 in
204 959 419 1005 manibus
451 959 697 1014 habebam,
731 959 902 1015 abieci3
935 957 1061 1016 quod
1091 960 1308 1015 iusseras,
1337 958 1561 1003 *edolauiff
1627 962 1810 1016 (aures

129 1054 136 1062 .
159 1018 462 1062 ,instituta
487 1033 574 1064 om.
599 1019 737 1074 Med,
762 1034 853 1075 quo
877 1018 1013 1063 nixus
1040 1020 1112 1063 ‘ut
1136 1018 1386 1063 scriberem
1408 1018 1592 1075 pepigit
1611 1017 1807 1075 Oppius’

125 1077 241 1122 miro
275 1077 471 1121 artificio
505 1077 792 1135 excogitavit
822 1079 874 1127 ,0.
903 1078 954 1122 Ε.
982 1078 1307 1135 Schmidtius.)
1345 1077 1636 1133 Tragoediae
1667 1078 1814 1122 verba

126 1136 320 1193 agnovit
351 1135 641 1182 Gulielmius.
705 1137 770 1182 Of.
803 1137 950 1182 Varro
989 1137 1039 1181 in
1079 1137 1282 1194 epistula
1313 1136 1404 1180 Iuli
1436 1137 1646 1181 Caesaris
1687 1137 1813 1194 apud

126 1195 331 1239 Nonium
367 1211 411 1252 p.
446 1201 554 1252 263,
586 1202 612 1239 3
652 1196 834 1254 (ftagm
867 1197 997 1241 Varr.
1038 1212 1082 1254 p.
1117 1202 1201 1241 259
1233 1198 1286 1241 R.
1298 1204 1308 1246 )
1359 1198 1524 1270 ‘quem
1571 1196 1709 1240 simul
1758 1210 1813 1240 ac

125 1255 323 1299 Romam
367 1233 554 1299 uenisse
596 1255 713 1299 mihi
753 1256 960 1314 attigit
1001 1256 1153 1301 auris
1192 1255 1450 1312 nuntius,
1498 1255 1811 1312 'Extemplo

124 1327 273 1358 meos
305 1314 363 1357 in
394 1314 740 1358 curriculum
771 1315 992 1360 contuli
1022 1330 1260 1374 propere
1291 1316 1478 1373 pedes.
1486 1315 1498 1335 ’
1547 1315 1616 1357 Ex
1640 1314 1811 1371 quibus

124 1373 241 1417 haec
266 1374 474 1417 extrema
497 1388 617 1429 quae
643 1375 956 1431 septenarium
979 1375 1269 1420 trochaicum
1293 1373 1511 1431 explent
1498 1389 1548 1417 1n
1565 1373 1811 1431 tragoedia

195 1438 250 1476 23
284 1434 446 1476 secuta
476 1432 621 1477 fuisse
653 1436 788 1478 caute
821 1434 1084 1491 suspicatus
1110 1437 1181 1478 est
1203 1434 1526 1479 Buechelerus.
1574 1434 1677 1490 Ipse
1701 1432 1815 1477 olim

125 1491 180 1535 fr.
215 1492 300 1534 XII
346 1492 407 1535 ad
453 1493 650 1536 eandem
696 1493 955 1538 orationem
999 1494 1292 1538 referendum
1338 1507 1437 1537 esse
1484 1491 1683 1549 conieci,
1731 1492 1814 1535 sed

129 1550 398 1594 Ciceronem
430 1554 554 1595 certe
584 1566 679 1596 non
707 1552 845 1609 plura
875 1568 1017 1609 quam
1048 1567 1167 1610 quae
1198 1553 1248 1596 in
1278 1555 1410 1597 textu
1440 1551 1576 1608 posui
1609 1554 1657 1595 et
1672 1529 1813 1607 quod
1889 1580 1891 1582 -

125 1608 394 1653 Ennianum
426 1624 536 1654 sane
569 1613 641 1654 est
671 1612 902 1656 edolaui
937 1612 1010 1669 (cf.
1043 1613 1191 1657 Varro
1222 1613 1276 1658 fr.
1302 1618 1358 1656 59
1383 1600 1452 1667 Β.)
1486 1626 1513 1655 a
1542 1613 1684 1667 poeta
1713 1625 1813 1654 mu—

127 1671 314 1713 tuatum
346 1683 447 1712 esse
478 1685 601 1713 nunc
631 1671 749 1714 mihi
780 1686 963 1727 quoque
994 1686 1268 1749 persuasum
1298 1673 1381 1715 est.
1431 1669 1640 1715 Contulit
1663 1669 1812 1714 Lade—

128 1728 258 1771 vicus
307 1742 363 1772 ex
404 1728 642 1785 Euripidis
681 1730 926 1787 Iphigenia
956 1747 998 1777 v
1026 1737 1132 1776 633.
1181 1727 1215 1775 ὦ
1249 1729 1399 1807 σέβας
1446 1727 1547 1786 ἐμοὶ
1619 1727 1811 1786 έγιστον,

122 1785 589 1891 ἱιιίγιΐιῦιμιὲμνωνθρδὲνοιξ,
611 1787 838 1846 ”’,Ηκομεν
871 1790 1090 1849 ἐφετμαῖς
1122 1791 1207 1835 οὐκ
1237 1791 1513 1834 ἀπιστοῦσαι
1544 1802 1570 1832 o·
1594 1791 1721 1833 θεν.
1745 1787 1812 1832 Cf.

158 1861 197 1889 is
288 1861 374 1903 rag

249 1940 270 1978 1
303 1937 615 1991 posteaquam
638 1936 723 1980 abs
747 1937 843 1993 ted,
867 1937 1169 1995 Agamemno,
1197 1897 1358 1992 tetigit
1381 1950 1422 1980 a.
1446 1950 1491 1980 11.
1521 1935 1811 1981 Gulielmius:

127 1995 363 2039 abhorrere
394 1997 450 2039 ab
484 1997 760 2052 antiquitate
791 1999 1100 2052 posteaquam
1130 1997 1306 2040 monuit
1335 1996 1610 2039 Ritschelius

918 2113 1015 2160 XII

747 2197 1016 2248 concitum
1055 2196 1219 2248 tetuli
1251 2196 1491 2266 gradum.
1810 2210 1867 2250 25

244 2294 479 2338 Charisius
510 2310 555 2351 p.
582 2300 667 2339 248
691 2295 739 2338 P.
806 2296 1123 2352 ‘prothesis
1171 2298 1262 2352 est,
1312 2310 1417 2339 cum
1457 2295 1636 2352 primae
1682 2297 1806 2353 parti

126 2353 344 2397 dictionis
385 2356 466 2397 aut
503 2353 663 2398 littera
703 2354 904 2398 adicitur
942 2357 1024 2399 aut
1063 2370 1083 2398 s
1085 2354 1258 2412 y.llaba
1326 2354 1578 2399 littera..
1607 2355 1804 2412 syllaba,

126 2416 198 2457 ut:
239 2412 471 2456 concitum
509 2415 542 2456 t
575 2428 619 2470 g.
650 2427 734 2469 pro
766 2413 888 2457 tuli)
952 2413 1199 2458 Diomedes
1230 2430 1274 2470 p.
1300 2419 1385 2458 435
1410 2414 1459 2458 P
1511 2371 1804 2481 ‘prosthesis’

126 2472 283 2527 (immo
336 2471 637 2528 ‘pl-othesis’)
695 2473 791 2515 ‘est
845 2473 1079 2529 appositio
1134 2473 1364 2528 quaedam
1418 2473 1478 2516 ad
1522 2473 1805 2530 principium

129 2531 359 2574 dictionis.
423 2530 644 2574 litterae
666 2530 962 2588 syllabae,
995 2533 1067 2577 ut:
1100 2531 1333 2575 concitum
1363 2534 1396 2576 t.
1430 2547 1472 2588 g.
1505 2546 1588 2588 pro
1620 2532 1741 2576 tuli.⁷

907 2649 1030 2696 ΧΠΙ

125 2730 239 2783 Iam
279 2732 496 2784 domum
536 2733 757 2784 itionem
795 2734 947 2803 reges
985 2712 1207 2785 Atridae
1245 2719 1448 2801 parant.

241 2833 377 2876 Rhet.
411 2834 471 2876 ad
502 2833 698 2876 Herenn.
731 2833 795 2876 ΙΠ
820 2838 895 2887 21,
922 2838 978 2876 34
1019 2834 1150 2876 (611111
1189 2834 1436 2876 uerborum
1469 2833 1800 2878 similitudines

125 2889 408 2946 imaginibus
457 2892 709 2948 exprimere
757 2891 984 2948 nolemus,
1031 2891 1136 2948 plus
1183 2892 1361 2948 negotii
1409 2892 1712 2949 suscipiemus
1754 2896 1822 2937 et·

1451 2967 1536 3010 18*
