2020 3140
683 98 892 143 ACCIVS
951 97 1301 144 POMPONIVS
1715 101 1785 153 33
1794 102 1820 153 1

961 238 1009 284 V

858 321 1108 374 Lucretia

145 411 318 465 Nocte
355 411 675 480 intempesta
711 411 951 462 nostram
991 409 1205 462 deuenit
1245 410 1475 464 domum.

261 512 408 556 Varro
449 512 506 554 de
544 510 574 554 1.
614 510 644 554 l.
676 510 741 554 V1
773 514 798 553 7
847 509 996 554 ‘inter
1041 511 1395 568 uesperuginem
1433 514 1481 555 et
1518 512 1656 557 iubar
1693 513 1821 557 dicta

144 585 250 615 nox
272 570 640 627 intempesta,
664 570 718 613 ut
739 568 790 612 in
811 569 956 613 Bruto
975 568 1159 613 Cassii
1189 571 1336 626 quod
1359 570 1506 615 dicit
1528 571 1818 618 Lucretia:

142 631 304 673 nocte’
347 643 384 674 e.
418 644 460 685 q.
495 643 528 673 s,
587 627 768 672 Ibidem
799 627 884 671 VII
916 632 940 671 7
945 633 970 671 2
1020 629 1167 672 ‘nunc
1214 629 1271 673 de
1317 630 1604 686 temporibus
1650 631 1816 675 dicam.

145 688 280 741 Quod
326 691 397 732 est
443 687 566 744 apud
613 686 888 732 Cassium:
934 689 1096 731 nocte'
1137 701 1174 732 e.
1207 703 1249 743 q.
1284 703 1317 733 s.
1377 689 1682 746 ‘intempesta
1726 705 1819 734 nox

144 747 272 791 dicta
312 747 370 791 ab
410 748 709 803 tempestate,
748 748 1002 802 tempestas
1042 747 1101 790 ab
1140 749 1368 804 tempore,
1409 762 1501 792 nox
1534 748 1818 806 intempesta

142 820 235 862 quo
258 808 466 863 tempore
488 805 608 849 nihil
632 805 820 862 agitur?
867 805 1044 862 (Accii
1066 819 1235 849 nomen
1258 808 1574 862 reponendum
1597 808 1821 852 censebat

142 865 398 922 Victorius,
437 864 589 908 minus
621 866 746 908 recte
775 878 1057 920 praenomen
1090 865 1187 909 Cai
1218 868 1483 910 statueiunt
1515 866 1738 911 Canterus
1771 870 1819 912 et

141 924 417 982 Turnebus.)
479 923 544 968 Cf.
577 923 686 968 hist.
718 925 838 981 trag.
865 928 964 968 591.

419 1111 491 1182 P.
546 1109 1037 1182 POMPONIVS
1095 1109 1536 1183 SECVNDVS

845 1255 1112 1303 AENEAS

138 1324 225 1376 Ex
262 1324 464 1377 humile
503 1342 698 1395 regem.

258 1425 492 1469 Charisius
522 1441 567 1482 p.
595 1430 678 1469 107
702 1426 752 1470 P.
817 1425 1055 1470 ‘humile
1088 1427 1145 1470 de
1176 1425 1362 1469 homine
1394 1425 1566 1482 aliquo,
1598 1428 1652 1470 ut
1682 1426 1817 1470 Pom-

137 1483 305 1541 ponius
345 1484 582 1528 Secundus
627 1484 678 1527 in
716 1486 875 1528 Aenea
909 1521 917 1529 .
945 1522 954 1530 .
984 1522 991 1530 .
1024 1484 1190 1528 humili
1236 1484 1470 1541 ablatiuo‚
1520 1485 1560 1528 si
1597 1499 1670 1529 res
1709 1487 1813 1530 est.'

138 1543 345 1601 (Aenea
384 1545 483 1588 cod.
525 1557 698 1587 coena
737 1543 808 1588 ed.
847 1559 915 1600 pr.
957 1544 1144 1588 Caena
1181 1543 1462 1600 Putschius.)
1520 1544 1647 1588 Inter
1679 1557 1814 1601 prae-

138 1605 345 1647 textatas
376 1603 667 1647 referendam
698 1616 798 1646 esse
828 1605 953 1647 recte
983 1603 1165 1647 monuit
1194 1603 1256 1647 M.
1288 1602 1517 1648 Hertzius.

256 1705 414 1747 regem
444 1692 671 1749 Berykius
698 1704 808 1748 rege
838 1693 933 1736 cod.

257 1779 327 1822 Ex
355 1779 551 1836 prologo
582 1778 936 1836 Amphitruonis
967 1793 1126 1823 versus
1151 1784 1204 1822 41
1225 1794 1292 1835 sq.

316 1867 427 1896 nam
457 1853 571 1909 quid
603 1867 688 1910 ego
720 1867 971 1897 memorem
1002 1880 1056 1885 -—
1088 1855 1142 1896 ut
1173 1853 1292 1896 alios
1323 1852 1380 1896 in
1411 1852 1733 1910 tragoediis

316 1912 448 1968 Vidi,
480 1912 801 1968 Neptunum
830 1912 1116 1956 Virtutem
1147 1911 1464 1956 Victoriam

316 1971 555 2015 Martem
583 1971 901 2027 Bellonam,
934 1973 1362 2015 commemorare
1394 1972 1537 2027 quae
1567 1971 1715 2015 bona

315 2030 491 2074 Vobis
522 2029 804 2074 fecissent
833 2057 888 2063 —-
928 2044 965 2074 e.
999 2045 1041 2085 q
1076 2045 1110 2074 s

138 2103 418 2162 praeterea
405 2119 455 2147 111
478 2103 778 2161 Captivorum
799 2103 993 2162 prologo
1018 2119 1059 2147 v.
1083 2108 1139 2147 60
1153 2117 1250 2159 sqq.
1275 2102 1523 2159 repudiata
1545 2103 1814 2148 comoediae

139 2163 382 2220 proelia
420 2162 535 2207 item
572 2163 622 2206 in
661 2162 891 2207 Ciceronis
933 2163 992 2206 ad
1029 2161 1174 2207 famil.
1200 2162 1287 2228 VH
1311 2167 1356 2218 1,
1383 2167 1408 2205 2
1448 2161 1651 2219 epistula
1689 2176 1814 2207 oom-

139 2225 446 2266 memoratam
489 2221 786 2278 peditatus
834 2224 888 2265 et
934 2220 1226 2276 equitatus
1273 2220 1330 2264 in
1377 2220 1577 2277 aliqua
1621 2236 1813 2278 pugna

139 2281 356 2324 variam
403 2283 763 2336 armaturam,
816 2280 1014 2335 denique
1061 2279 1377 2336 triumphos
1423 2279 1609 2324 Horatii
1655 2282 1812 2324 aetate

139 2339 291 2396 (epist.
315 2340 358 2382 Π
382 2344 428 2395 1,
456 2344 539 2383 189
557 2341 674 2396 sqq.)
713 2339 762 2382 in
802 2352 971 2382 scaena
1009 2338 1267 2382 celebratos
1298 2338 1556 2383 Ladevicus
1589 2339 1650 2383 ad
1679 2353 1814 2396 prae-

139 2400 346 2443 textatas
378 2397 564 2442 fabulas
594 2397 791 2442 rettulit.
