1980 3146
159 106 230 158 94
657 174 660 179 ,
793 104 853 149 M.
886 98 1184 149 PACVVTVS'

956 257 1034 305 HI

159 342 426 411 (Tamen)
465 341 564 394 etsi
602 344 782 394 metuo
820 340 965 410 picta
1003 341 1066 394 de
1104 340 1248 410 palla
1283 340 1496 412 plagam

275 443 392 486 Non.
418 444 517 498 378,
543 446 568 486 6
601 441 799 498 ‘plaga
822 440 1075 498 aliquando
1098 456 1207 499 pars
1229 441 1355 498 lecti,
1386 441 1638 498 aliquando
1663 441 1824 485 omnis.

159 502 208 547 P.
233 500 459 545 Atalanta
482 535 491 544 .
512 536 521 544 .
542 536 551 544 .
576 502 631 544 ut
654 500 717 545 sit
737 500 880 558 plaga
903 514 1042 556 quem
1066 515 1189 545 nunc
1214 500 1409 545 dicimus
1435 501 1631 546 clauum.
1678 501 1826 546 Varro

158 559 454 605 Prometheo:
486 559 700 603 eburneis
732 558 866 603 lectis
898 562 946 604 et
974 560 1129 618 plagis
1155 559 1388 618 sigillatrs.
1422 559 1640 605 Afranius
1663 561 1822 619 [413].’

274 647 404 704 picta
434 648 512 706 de]
543 647 722 705 pietate
745 648 845 693 AB
857 648 963 694 GH
967 668 978 694 ε
1009 649 1114 704 fort.
1146 648 1322 706 pictam
1346 649 1403 693 de
1487 648 1617 706 palla
1638 648 1828 706 plagam

158 709 322 764 scripsi
341 706 486 764 plaga
510 707 717 764 (plagam
739 709 786 753 B
807 707 952 765 plaga
973 707 1116 765 palga
1138 710 1216 754 sed
1237 709 1317 753 hoc
1339 709 1423 753 del.
1446 723 1501 753 m.
1521 713 1546 752 2
1568 708 1629 765 L)
1649 707 1826 764 pallam

159 765 336 823 (palam
365 767 426 823 L)
457 783 492 810 ω
580 766 758 823 pallam
788 768 871 812 del.
901 782 936 812 a·

956 862 1029 909 IV

161 943 390 998 Gradere
428 947 587 1015 atque
627 949 859 999 atrocem
898 948 1079 999 coerce
1117 946 1511 1000 confidentiam!

275 1046 392 1090 Non.
420 1051 527 1103 262,
554 1052 609 1091 10
651 1047 1038 1092 ‘confidentia
1075 1062 1257 1092 rursum
1293 1047 1553 1105 temeritas,
1594 1046 1826 1092 audacia.’

277 1148 434 1179 coerce
466 1136 645 1180 Aldina
675 1149 881 1180 coercere
912 1153 947 1180 ω

972 1246 1019 1293 V

161 1372 171 1382 .
205 1372 216 1382 .
249 1373 260 1382 .
293 1373 303 1383 .
344 1331 639 1382 extremum
679 1330 820 1382 intra
858 1331 1142 1383 camterem
1180 1331 1355 1399 ipsum
1392 1330 1709 1401 praegradat

158 1417 633 1487 Parthenopaeum.

276 1518 394 1562 Non.
414 1523 484 1575 65,
503 1525 526 1563 1
549 1519 983 1579 ‘[praegradat,]
1006 1519 1342 1577 praegreditur,
1366 1518 1628 1563 anteuenit:
1654 1505 1830 1562 dictum

159 1577 380 1694 ‘augg-gu.
441 1578 672 1622 Pacuuius
704 1578 969 1624 Tantalo:
1010 1579 1291 1623 extremum’
1325 1592 1362 1624 e.
1395 1593 1438 1634 q.
1472 1593 1505 1624 s,
1539 1577 1834 1635 (Atalanta

278 1731 304 1769 2
335 1725 740 1782 Parthenopaeum
778 1726 978 1785 Scaliyer
1014 1726 1378 1771 Parthenoreum
1415 1742 1463 1770 ω.
1525 1726 1605 1770 An
1641 1695 1833 1768 Parthe-

155 1798 366 1900 pnocpqagpzs
383 1791 513 1890 eeztv.
547 1787 824 1831 antecedenti
851 1785 1031 1842 ipsam?
1119 1785 1521 1842 Parthenopaeum
1550 1783 1835 1841 praegradat

960 1940 1032 1987 VI

77 1998 132 2112 ἓξ
161 2020 321 2075 Viam
361 2041 519 2092 quam
559 2023 801 2076 insistam
839 2023 1025 2076 dubito
1065 2026 1159 2076 aut
1196 2023 1339 2092 quod
1374 2021 1727 2092 primordium

166 2108 435 2180 Capissam
474 2111 540 2164 ad
578 2112 797 2181 stirpem
837 2111 1222 2181 exquirendum
1254 2154 1440 2164 .....

279 2212 399 2257 Non.
425 2217 525 2268 226,
550 2217 605 2256 32
641 2211 903 2269 ‘stirpem
927 2248 937 2257 .
957 2249 966 2256 .
988 2248 996 2255 .
1021 2211 1279 2256 masculino
1306 2212 1392 2257 ...’

283 2305 306 2343 1
332 2300 495 2344 dubito
520 2315 662 2356 quam
682 2300 898 2344 insistam
921 2299 1049 2344 uiam
1068 2317 1118 2355 ω,
1150 2315 1286 2357 quam
1307 2302 1386 2358 qui
1407 2300 1658 2345 clausulam
1680 2311 1832 2343 versus

164 2358 336 2415 fecerit,
381 2375 412 2404 a
451 2362 674 2417 sequentis
714 2361 848 2404 initio
884 2365 974 2404 tres
1010 2360 1181 2404 iambos
1217 2361 1359 2404 deesse
1395 2364 1579 2416 stataet,
1626 2359 1719 2402 nisi
1753 2358 1831 2401 hos

163 2430 370 2463 numeros
407 2421 490 2462 aut
527 2419 652 2474 quod
688 2417 993 2476 primordium
1028 2432 1063 2462 e.
1096 2433 1134 2475 q.
1165 2432 1199 2462 s.
1232 2419 1494 2475 probaverit
1623 2421 1649 2460 2
1681 2415 1743 2459 ad
1779 2415 1836 2458 H

166 2488 196 2518 a
226 2492 262 2532 φ
369 2476 701 2533 exquirendum
730 2478 960 2522 Bentinas
991 2476 1307 2532 exquirentem
1336 2494 1370 2520 ω
1482 2476 1633 2519 uirum
1663 2477 1715 2519 in
1742 2474 1832 2529 fine

165 2537 387 2580 octonarii
415 2537 519 2582 add.
551 2551 586 2582 a·

946 2630 1044 2678 VH

167 2711 307 2775 Quas
343 2713 613 2767 famulitas
651 2714 735 2767 uis
774 2717 978 2785 egestas
1015 2714 1158 2767 fama
1194 2713 1422 2768 formido
1460 2711 1632 2781 pudor

281 2813 399 2858 Non.
435 2819 532 2870 109,
558 2819 613 2858 28
647 2814 970 2858 ‘famulitas
1003 2817 1075 2859 est
1106 2814 1303 2859 seruitus
1329 2812 1416 2858 ...'

282 2900 506 2945 familitas
537 2903 581 2945 L
671 2902 867 2946 formido
897 2916 1043 2958 pauor
1075 2903 1140 2948 W
1223 2881 1234 2890 ἱ
