1980 3146
796 79 846 124 L.
878 78 1087 124 Acclvs
1226 63 1231 68 ’
1670 36 1782 134 225

919 220 965 267 Χ

99 302 243 355 Eum
283 320 408 355 suae
445 303 589 355 uitae
627 302 793 356 finem
833 321 892 355 ac
930 304 1056 356 fatis
1094 303 1511 357 internecionem
1549 305 1663 357 fore

96 391 392 462 Meleagro,
429 391 525 444 ubi
563 393 740 444 t6rrus
781 394 918 444 esset
955 391 1269 445 interfectus
1307 393 1599 445 flammeus

217 492 336 536 Non.
373 497 441 549 15,
466 496 523 536 30
558 493 770 536 ‘torrus
803 493 993 548 (torris
1017 493 1094 549 W)
1128 492 1300 537 dicitur
1328 493 1420 550 fax,
1452 494 1576 538 unde
1609 496 1657 538 et
1687 496 1783 538 tor-

99 551 255 595 ridare
298 551 495 595 dicimus
535 551 815 595 comburere.
877 551 1045 595 Accius
1085 552 1354 609 Melanippo
1390 590 1398 596 .
1426 589 1434 597 .
1463 589 1471 598 .
1504 552 1631 597 idem
1668 553 1783 598 Ma-

98 611 294 668 leagro
322 612 408 655 ...²
474 610 638 667 (idem
668 624 755 655 om.
788 609 935 668 Leid.)

220 705 242 742 1
278 701 402 758 eum]
434 701 535 742 tum
567 699 750 743 Vossius
854 713 965 743 suae
997 701 1063 744 ed.
1099 704 1212 744 1476
1245 715 1379 744 suum
1410 718 1444 744 ω
1535 699 1646 744 fatis
1678 702 1783 746 Bue

99 765 142 803 et
173 759 481 817 Kiessli‘nqius
510 756 600 801 fati
630 775 666 801 co
696 757 787 801 fati
819 758 891 801 sui
921 759 1148 817 Berykius
1241 765 1266 802 2
1300 759 1538 817 Maleagro
1571 761 1636 803 W
1658 759 1781 804 male

98 832 190 875 ago
223 818 325 862 HL
414 816 497 861 ubi
527 831 610 861 om.
636 817 680 860 L
711 816 794 860 ubi
825 817 907 861 ubi
936 833 969 862 x
999 817 1082 862 ubi
1112 817 1195 862 ille
1226 820 1512 864 coniecerant.
1561 820 1784 874 Defendit

96 879 274 922 hiatum
304 877 630 921 Lachmannus
718 876 856 920 torris
890 878 948 921 H
970 891 1082 922 corr.
1175 877 1342 921 fuisset
1369 878 1540 923 Onions

100 1136 112 1146 .
175 1136 186 1146 .
250 1136 259 1146 .
321 1105 466 1145 nunc
501 1091 551 1145 si
585 1111 670 1144 me
708 1095 934 1144 matrem
972 1094 1220 1146 mansues
1259 1094 1623 1146 miseric6rdia

105 1181 288 1250 Gapsit

218 1282 336 1327 Non.
368 1288 477 1339 483,
505 1287 560 1326 10
602 1284 918 1326 ‘mansuetem
956 1285 1004 1327 et
1041 1298 1328 1327 mansuem
1356 1298 1440 1340 pro
1471 1285 1783 1339 mansuetum,

100 1344 155 1385 ut
186 1341 248 1386 sit
277 1341 595 1386 nominatiuus
623 1355 839 1386 mansues
959 1342 1128 1387 Accius
1152 1342 1410 1400 Meleagro:
1444 1344 1584 1386 nunc’
1614 1356 1651 1389 6.
1677 1358 1720 1399 q.
1747 1358 1782 1387 s.

101 1401 260 1458 (mele
291 1416 435 1445 nunc
466 1401 647 1458 Bamb.)

221 1495 244 1533 1
278 1490 377 1534 siue
409 1490 611 1549 Scaliyer
701 1505 943 1536 mansuem
971 1506 1005 1536 a:
1093 1492 1267 1536 senarii
1296 1492 1405 1535 aliis
1428 1492 1646 1548 placeant

894 1624 991 1671 XII

103 1705 248 1769 Quae
286 1706 559 1760 uastitudo
598 1707 729 1760 haec
768 1711 860 1760 aut
897 1709 1036 1760 unde
1076 1706 1276 1760 inuasit
1314 1707 1484 1760 mihi?
1785 1722 1875 1761 455

220 1807 339 1852 Non.
375 1811 479 1864 184,
507 1813 561 1851 32
597 1808 839 1853 ‘uastities
871 1811 919 1853 et
956 1808 1256 1852 uastitudo
1290 1810 1337 1851 et
1367 1807 1588 1864 uastitas,
1622 1808 1786 1852 horror

103 1867 153 1967 iet
199 1866 399 1947 desertio
447 1869 494 1911 et
542 1867 812 1924 contagium
838 1905 846 1912 .
875 1906 882 1913 .
914 1905 921 1912 .
946 1867 1115 1912 Accius
1154 1867 1388 1924 Eurysace
1416 1904 1423 1911 .
1452 1903 1460 1911 .
1490 1904 1497 1911 .
1523 1866 1649 1911 idem
1687 1867 1784 1911 Me-

124 1939 263 1982 eagro
291 1963 300 1971 .
328 1961 337 1970 .
365 1962 373 1970 .
1584 1947 1587 1949 “

223 2015 324 2073 aut]
355 2016 511 2058 ‘malim
543 2014 718 2061 animi?

867 2083 1005 2130 ‘XIII

105 2162 248 2215 Caue
285 2164 545 2217 lassitudo
583 2166 851 2235 poplitum
890 2167 1115 2235 (tuum)
1154 2169 1367 2218 cursum
1405 2165 1565 2218 leuet,

222 2265 341 2309 Non.
375 2270 476 2322 336,
502 2271 556 2310 28
592 2265 810 2311 ‘leuare
842 2267 987 2311 etiam
1017 2266 1258 2310 minuere.’

222 2353 455 2410 poplitum
485 2356 584 2399 edd.
616 2355 769 2411 poplit
799 2373 834 2400 ω

158 2502 160 2504 ¹
886 2435 1005 2483 XIV

20 2541 24 2545 ·
104 2517 311 2570 Lab6re
351 2522 444 2570 aut
481 2519 690 2571 minuat
725 2518 889 2572 itiner
925 2519 1225 2589 ingressum
1263 2519 1353 2571 uia

224 2619 344 2665 Non.
368 2623 470 2675 482,
495 2624 551 2663 27
586 2615 788 2664 ‘itiner
820 2620 996 2663 dictum
1022 2632 1105 2674 pro
1130 2618 1246 2664 iter.
1268 2654 1276 2663 .
1297 2655 1305 2663 .
1326 2655 1335 2664 .
1353 2620 1520 2664 Accius
1547 2620 1783 2665 Oenomao

108 2714 118 2723 .
139 2713 147 2721 .
170 2714 177 2721 .
202 2677 328 2722 idem
359 2678 596 2736 Meleagro
622 2715 631 2724 .
653 2715 662 2724 .
683 2680 710 2724 .’

226 2765 435 2810 laborem
467 2768 649 2812 Vossius
737 2767 946 2824 ingresso
977 2765 1085 2810 uiae
1118 2767 1302 2812 Vossius
1378 2767 1636 2813 Cavendum
1659 2769 1785 2823 dicit,

106 2838 163 2868 nc
193 2827 445 2883 i‘nyressum
475 2828 563 2871 iter
594 2828 828 2885 lonyitudo
857 2828 957 2870 viae
986 2827 1168 2870 minuat
1199 2827 1371 2882 labore,
1400 2828 1441 2871 h.
1474 2841 1508 2871 e.
1540 2827 1787 2884 sequiorem

107 2884 280 2928 reddat.
346 2884 412 2939 Cf.
445 2900 582 2930 carm.
613 2888 752 2943 epiyr.
779 2889 863 2928 982
887 2885 946 2928 Β.

200 2964 332 2998 Scaen.
355 2975 455 3006 poes.
480 2967 587 3001 Rom.
612 2967 748 3008 fragm.
773 2967 829 2999 ed.
854 2967 1045 3000 Rmmzcx.
1467 2964 1519 3002 15
