1980 3146
220 106 289 157 74
905 103 956 157 Q.
987 103 1212 149 ENNIVS

216 238 379 282 ctabat
407 237 740 293 Neoptolemus
772 236 915 291 Enni,
955 237 1036 292 qui
1068 249 1123 280 se
1155 236 1226 281 ait
1255 236 1552 281 filosofari
1582 236 1758 293 uelle,
1803 238 1891 280 set

213 296 433 354 paucis:
480 310 606 339 nam
645 294 868 339 omnino
907 295 1057 339 haud
1094 295 1356 352 placere.'
1398 298 1456 353 (c)
1489 295 1666 340 Gellius
1697 295 1741 339 V
1767 300 1835 351 15,
1861 299 1887 338 9

218 355 507 399 ‘Ennianum
545 353 905 411 Neoptolemum
941 354 1277 411 probabamus,
1323 354 1406 410 qui
1442 354 1650 411 profecto
1689 354 1759 398 ita
1798 354 1888 399 ait:

213 413 733 472 philosophandum
771 415 858 457 est
894 413 1116 470 paucis:
1154 428 1284 458 nam
1323 413 1546 458 omnino
1585 414 1735 458 haud
1765 413 1889 470 pla-

215 474 334 517 cet.’
397 472 579 516 Ibidem
611 477 687 528 16,
714 477 740 515 5
791 471 1116 529 ‘eiusdemque
1161 472 1290 517 illius
1336 472 1540 516 Enniani
1577 472 1888 529 Neoptolemi,

215 533 271 576 de
296 546 386 588 quo
412 545 551 588 supra
577 530 857 588 scripsimus,
883 531 1079 577 consilio
1102 531 1329 576 utendum
1352 534 1437 587 est,
1469 531 1550 587 qui
1578 532 1642 576 de
1651 533 1890 588 gustan-

214 592 338 634 dum
378 605 441 635 ex
477 590 852 647 philosophia
892 593 1105 648 censet,
1144 605 1254 635 non
1284 590 1342 634 in
1373 605 1492 635 eam
1521 590 1890 648 ingurgitan-

213 651 370 694 dum.’
405 650 470 707 (d)
507 650 642 694 Vnde
682 649 795 693 olim
831 650 978 694 talem
1017 664 1222 695 versum:
1262 650 1679 707 degustandum
1711 664 1774 694 ex
1805 652 1889 706 ea,

211 723 321 753 non
359 709 417 752 in
456 723 575 753 eam
612 708 1087 766 ingurgitandum
1126 711 1326 753 censeo
1360 708 1663 753 adiunxeram
1694 709 1756 753 ad
1788 713 1887 765 340,

215 769 296 812 sed
342 782 481 825 aegre
521 767 812 817 desideratur
848 767 1175 825 philosophiae
1211 781 1381 813 nomen
1420 768 1482 812 ad
1520 768 1646 824 quod
1685 782 1747 812 ea
1784 782 1889 824 pro-

211 841 380 871 nomen
410 826 571 871 referri
600 826 771 883 possit:
803 826 964 883 itaque
987 827 1245 872 Mercklino
1278 826 1498 882 concessi,
1531 826 1612 882 qui
1639 826 1689 870 in
1713 827 1887 872 annall.

210 886 391 943 philoll.
426 886 648 943 supplem.
681 886 746 929 III
771 891 855 930 668
889 885 1041 930 Gellio
1077 886 1194 930 haec
1224 886 1531 942 relinquenda
1563 899 1663 930 esse
1695 885 1887 930 censuit.

210 945 435 1002 Apuleius
469 945 526 989 de
556 944 715 1002 magia
747 959 783 989 c.
812 950 866 989 13
897 961 940 1002 p.
967 950 1053 989 415
1080 945 1196 990 Oud.
1233 947 1308 989 ‘ne
1339 959 1426 1003 ego
1457 959 1645 989 necesse
1673 945 1887 1001 habeam,

211 1006 374 1048 contra
413 1004 695 1048 sententiam
724 1004 1027 1062 Neoptolemi
1057 1004 1262 1049 Enniani
1290 1004 1502 1062 pluribus
1533 1003 1888 1061 philosophari?

211 1066 271 1121 (e)
304 1063 370 1108 Of.
403 1063 613 1107 Platonis
643 1063 842 1120 Hippias
872 1063 1023 1107 maior
1051 1079 1096 1121 p.
1123 1068 1208 1108 286
1233 1064 1284 1108 Β.
1348 1063 1511 1107 Tribui
1540 1077 1676 1120 posse
1708 1063 1889 1107 Andro·

210 1123 405 1166 machae
443 1122 634 1166 fabulae
668 1122 829 1166 monui
859 1122 910 1166 in
941 1124 1119 1179 quaest.
1154 1136 1273 1168 scen.
1306 1138 1351 1180 p.
1377 1127 1476 1168 258.
1539 1122 1595 1167 cf.
1627 1122 1735 1167 hist.
1769 1125 1887 1180 trag.

209 1182 340 1227 Rom.
375 1186 472 1226 140.

325 1285 649 1342 philosophari
680 1288 752 1330 est
780 1285 898 1329 mihi
928 1299 1138 1343 necesse,
1171 1287 1223 1330 at
1255 1286 1458 1341 Vossius,
1491 1287 1548 1342 cf.
1573 1301 1615 1331 α.
1648 1301 1711 1330 cm
1737 1285 1890 1343 philo-

208 1344 782 1461 ffiaffl‘ffissszeffssssz‘ffm
814 1345 1277 1450 ..zfflffisssssdum
1546 1346 1742 1390 ΒΒΒΒ
1773 1361 1829 1391 ew
1859 1347 1891 1391 α

991 1544 1110 1592 XIV

119 1642 204 1682 342
222 1629 406 1703 Ardua
444 1631 587 1681 tesca
626 1647 812 1698 aspera
851 1629 979 1682 saxa
1017 1632 1154 1681 tuor.

322 1745 486 1788 Festus
516 1759 560 1800 p.
587 1749 687 1799 356,
713 1749 768 1788 23
792 1745 854 1788 M.
888 1744 1141 1788 secundum
1163 1743 1448 1788 Vaticanum
1471 1743 1511 1786 R
1541 1745 1662 1787 teste
1691 1744 1886 1788 Momm-

207 1817 316 1848 seno
354 1803 404 1847 in
443 1817 606 1847 comm.
647 1803 778 1848 acad.
818 1803 1019 1848 Berolin.
1061 1818 1101 1848 a.
1130 1807 1246 1846 1864
1267 1818 1319 1859 p.
1347 1807 1403 1846 64
1445 1802 1647 1859 ‘templa
1689 1803 1886 1859 antiqua

204 1865 362 1907 tesca
410 1876 510 1907 esse
549 1861 619 1906 ait
657 1863 818 1906 cuero’
862 1863 907 1918 (i.
943 1876 980 1907 e.
1025 1862 1209 1906 ‘Cicero
1248 1875 1358 1906 uero
1372 1862 1404 1919 ²)
1440 1863 1632 1919 ‘aspera
1672 1861 1884 1906 difficilia

207 1922 352 1966 aditu.
414 1919 647 1966 Ennius:
679 1922 857 1965 ardua
888 1935 1090 1978 aspera
1123 1935 1258 1965 saxa
1288 1921 1448 1964 tuor.’
1514 1921 1768 1964 secundum
1798 1921 1884 1965 Vr-

206 1980 379 2026 sinum:
415 1980 616 2036 ‘templa
647 1980 843 2036 antiqua
872 1983 877 2036 Ι
906 1981 1076 2039 [deum.
1118 1979 1276 2024 Cicero
1309 1981 1439 2038 u]ero
1472 1994 1639 2036 aspera
1671 1979 1883 2024 difficilia

207 2039 339 2083 aditu
367 2042 372 2098 Ι
402 2039 541 2098 [dixit
580 2054 684 2083 cum
719 2039 788 2083 ait
818 2039 966 2098 lo]ca
997 2052 1199 2096 aspera
1232 2053 1367 2082 saxa
1397 2041 1556 2083 tesca
1586 2039 1746 2083 tuor.’
1815 2039 1879 2084 Cf.

204 2099 377 2142 Paulus
435 2100 618 2142 ‘tesca
667 2099 772 2143 loca
819 2098 1017 2155 augurio
1063 2097 1325 2155 designata.
1395 2097 1554 2142 Cicero
1602 2111 1767 2154 aspera
1814 2099 1884 2142 ait

206 2171 305 2201 esse
337 2160 384 2202 et
416 2157 661 2202 difficilia?
709 2157 938 2213 Enniana,
971 2171 1091 2213 quae
1121 2156 1234 2201 olim
1256 2156 1379 2200 inter
1399 2156 1578 2200 incerta
1601 2156 1884 2201 incertarum

205 2216 471 2261 fabularum
501 2216 753 2273 latuerunt,
784 2218 982 2273 possunt
1012 2215 1156 2260 fuisse
1189 2229 1245 2259 ex
1275 2215 1585 2260 Andromeda.

322 2321 429 2364 olim
459 2319 563 2364 loca
595 2334 681 2376 ego
714 2333 880 2376 aspera
912 2333 1054 2363 saxea
1084 2321 1214 2363 tesca
1244 2321 1352 2362 tuor
1382 2320 1631 2374 edideram,
1668 2333 1690 2362 e
1720 2321 1885 2376 quibus

207 2391 346 2422 saxea
378 2381 584 2424 debebam
612 2379 661 2423 Ο.
687 2379 923 2423 Muellero.
972 2379 1052 2422 An
1082 2378 1228 2421 ardua
1261 2391 1374 2421 saxa
1406 2391 1570 2434 aspera
1593 2380 1722 2421 tesca
1746 2381 1881 2423 tuor?

1002 2517 1095 2564 XV

209 2642 579 2654 ........
618 2601 745 2672 ager
783 2601 1029 2670 oppletus
1067 2600 1323 2652 imbrium

205 2687 445 2741 Fremitu

325 2788 510 2832 Servius
541 2789 658 2833 Dan.
691 2789 741 2832 in
771 2789 910 2846 Verg.
943 2789 1022 2834 Ge.
1051 2789 1073 2832 I
1099 2794 1151 2832 12
1195 2788 1510 2846 ‘frementem]
1543 2787 1668 2842 quod
1699 2790 1880 2832 ueteres

208 2862 442 2891 murmura
479 2861 630 2903 aquae
668 2847 956 2892 fremitum
990 2848 1222 2891 dicebant.
1285 2845 1483 2890 Ennius:
1524 2847 1660 2903 ager’
1697 2860 1733 2890 e.
1767 2862 1809 2902 q.
1844 2863 1879 2892 s,

208 2905 268 2948 Et
296 2906 383 2949 hoc
417 2907 464 2949 et
495 2920 690 2961 sequens
722 2906 775 2949 fr.
808 2906 970 2950 referri
999 2908 1156 2962 potest
1187 2904 1247 2949 ad
1278 2905 1633 2948 Andromedam.
