1980 3146
248 105 319 157 80
936 102 986 156 Q.
1018 102 1242 148 ENNIVS

247 236 367 281 caeli
403 236 433 280 i.
467 236 496 280 f.
561 234 833 289 Quamuis
873 235 1171 291 sphaeram
1208 234 1266 278 in
1305 247 1549 290 scenam,
1588 236 1650 279 ut
1681 234 1919 292 dicitur,

247 294 518 340 attulerit
547 294 780 350 Ennius,
820 295 980 337 tamen
1009 292 1060 337 in
1090 293 1287 351 sphaera
1317 293 1506 345 fornicis
1538 293 1796 338 similitudo
1826 308 1921 338 non

246 356 403 411 potest
442 354 626 397 inesse.'
690 353 747 398 cf.
786 351 961 410 Hygini
998 352 1093 397 fab.
1128 356 1212 397 150
1250 351 1452 396 ‘Atlanti
1489 355 1666 408 autem,
1706 353 1788 409 qui
1827 353 1921 396 dux

247 413 428 463 eorum’
471 411 762 469 (Titanorum
793 414 872 469 so.)
907 411 1043 468 ‘fuit,
1084 411 1234 456 caeli
1260 411 1540 465 „fornicem
1570 425 1707 469 super
1737 425 1919 457 umeros

246 471 476 528 inposuit’
513 470 684 530 (Iouis),
719 470 825 527 ‘qui
858 471 1009 515 adhuc
1043 470 1214 515 dieitur
1245 470 1426 515 caelum
1457 470 1717 515 sustinere)

981 596 1190 644 XXXIV

158 695 244 734 375
265 679 371 732 Cur
410 680 553 749 quod
591 680 648 733 in
685 698 770 733 me
810 683 890 733 est
928 679 1240 733 exsecrabor
1270 680 1372 733 hoc
1404 679 1547 749 quod
1576 679 1740 749 lueet,
1778 678 1923 749 quse-

1307 769 1437 838 quid
1475 768 1591 821 est?

364 868 521 914 Cicero
562 870 618 914 de
656 871 753 914 nat.
795 870 918 914 deor.
949 870 992 913 II
1022 873 1100 926 25,
1127 874 1182 913 65
1225 870 1372 913 ‘hune
1409 869 1579 926 igitur’
1626 872 1705 927 (se.
1745 869 1921 927 Iouem)

250 928 473 995 ‘Ennius,
519 931 573 973 ut
611 943 750 996 supra
789 928 906 985 dixi,
952 930 1193 986 nuncupat
1229 928 1299 973 ita
1338 928 1519 973 dicens:
1567 929 1694 1031 8302]
1733 927 1920 996 planius

247 1002 388 1043 quam
412 987 505 1032 alio
521 987 624 1032 loco
641 988 786 1033 1dem:
813 1002 894 1032 cur
909 988 1059 1044 quod'
1080 1002 1116 1032 e.
1136 1003 1179 1044 q.
1199 1003 1232 1033 S.
1265 987 1482 1032 Fortasse
1498 987 1574 1031 Me
1595 1001 1769 1045 amppa
1787 987 1919 1032 dunt.

365 1090 445 1120 cur
467 1077 578 1135 Rey.
606 1076 793 1121 Cantab.
831 1076 906 1120 eui
928 1086 967 1133 ψ
999 1076 1081 1133 qui
1106 1077 1377 1122 Gulielmms
1399 1075 1512 1132 quin
1535 1091 1568 1122 x
1650 1075 1725 1119 oui
1750 1112 1759 1120 .
1780 1114 1788 1122 .
1809 1112 1817 1120 .
1844 1090 1922 1120 ex-

248 1136 462 1180 secrabor
486 1137 817 1181 Schoemawnus
845 1137 964 1181 idem
992 1138 1139 1181 videri
1169 1138 1280 1182 dicit
1309 1138 1428 1193 quod
1458 1135 1560 1179 cui.
1583 1172 1591 1179 .
1614 1135 1921 1180 .oonseerabo

997 1245 1180 1293 XXXV

157 1346 244 1386 378
261 1321 460 1401 Flagiti
497 1329 822 1400 principium
861 1333 941 1383 est
977 1330 1177 1382 nudare
1216 1328 1357 1382 inter
1395 1329 1529 1382 ciuis
1567 1330 1804 1399 corpora.

365 1430 523 1476 Cicero
555 1431 688 1476 Tusc.
729 1430 846 1487 disp.
878 1430 942 1474 IV
966 1435 1044 1487 33,
1072 1435 1126 1474 70
1169 1430 1310 1475 ‘bene
1350 1443 1459 1487 ergo
1498 1429 1695 1474 Ennius:
1739 1428 1918 1487 flagiti’

247 1504 286 1535 e.
318 1505 361 1546 q.
396 1505 430 1535 s,
981 1555 1189 1604 XXXVI

249 1639 417 1704 Quem
462 1642 711 1693 metuunt
765 1639 1012 1710 oderunt,
1065 1657 1225 1709 quem
1276 1639 1500 1709 quisque
1546 1638 1660 1692 6dit
1703 1639 1922 1708 periisse

1307 1728 1523 1797 expetit.

365 1828 522 1873 Cicero
555 1829 612 1874 de
644 1829 718 1875 off.
743 1829 785 1873 Π
811 1834 849 1886 7,
875 1835 931 1873 23
967 1829 1229 1886 ‘praeclare
1261 1828 1385 1873 enim
1414 1828 1591 1887 Ennius
1611 1864 1620 1873 .
1640 1864 1651 1873 .
1670 1828 1698 1872 .’
1745 1827 1922 1872 Eadem

248 1887 481 1932 sententia
503 1887 653 1932 utitur
675 1888 983 1945 Hieronymus
1007 1902 1078 1945 ep.
1103 1888 1165 1932 ad
1188 1887 1499 1945 Theophilum
1522 1892 1593 1945 82,
1618 1892 1660 1933 3.
1705 1886 1921 1931 Fortasse

246 1947 388 1991 Atreo
419 1947 536 1992 haec
566 1947 616 1991 in
647 1947 850 2004 Thyeste
882 1948 1249 2005 opponebantur.

366 2035 504 2080 odere
535 2051 590 2081 ex
623 2036 754 2082 Goth.
786 2036 1100 2094 Heusinyerus

969 2145 1202 2193 XXXVII

162 2245 247 2284 380
263 2227 325 2281 'O
364 2228 521 2282 Fides
560 2230 699 2283 alma
737 2230 863 2299 apta
899 2230 1099 2299 pinnis,
1138 2231 1192 2281 et
1229 2229 1313 2281 ius
1351 2228 1632 2281 iurandum
1671 2227 1838 2281 Iouis!

367 2329 524 2374 Cicero
572 2331 629 2375 de
677 2329 751 2375 off.
789 2330 853 2374 ΠΙ
885 2325 963 2385 29,
998 2334 1082 2374 104
1139 2330 1274 2373 ‘nam
1325 2328 1563 2386 praeclare
1608 2328 1821 2372 Ennius.
1850 2364 1859 2373 .
1887 2329 1915 2372 .’

248 2388 471 2444 Apuleius
512 2389 569 2433 de
608 2390 695 2433 deo
735 2389 857 2434 Soer.
883 2393 932 2445 5,
958 2393 1013 2432 25
1037 2389 1086 2432 L.
1145 2389 1279 2432 ‘nam
1317 2390 1365 2432 et
1401 2388 1473 2431 ius
1512 2388 1759 2432 iurandum
1792 2387 1915 2431 Iouis

250 2446 450 2491 dieitur.’
499 2447 754 2493 Ariolando
785 2448 902 2492 haee
932 2461 1116 2503 quoque
1148 2449 1196 2491 et
1225 2447 1279 2492 fr.
1311 2447 1543 2491 XXXVIII
1574 2447 1635 2491 ad
1665 2446 1916 2503 Thyestem

247 2506 421 2551 rettuli.

952 2571 1212 2620 XXXVIH

251 2697 572 2709 ........
611 2655 759 2708 milla
797 2658 980 2708 saneta
1017 2655 1241 2708 s6cietas

249 2741 361 2796 Neo
399 2744 529 2796 fides
566 2744 718 2814 regni
758 2745 850 2796 est.

367 2842 526 2887 Cicero
557 2844 614 2888 de
647 2843 721 2887 off.
749 2843 771 2887 Ι
793 2848 834 2899 8,
860 2849 916 2888 26
950 2844 1094 2900 ‘quod
1125 2843 1249 2894 enim
1271 2843 1343 2886 est
1365 2841 1489 2898 apud
1512 2841 1732 2886 Ennium:
1764 2841 1913 2885 nulla'

251 2913 290 2943 e.
323 2915 366 2955 q.
400 2916 434 2945 s.
500 2901 574 2944 ‘id
618 2901 761 2946 latius
807 2903 971 2959 patet.'
1034 2903 1163 2946 Idem
1205 2901 1262 2945 de
1298 2914 1392 2957 rep.
1424 2900 1445 2943 I
1475 2904 1552 2956 32,
1577 2905 1633 2943 49
1675 2900 1931 2950 ‘concordi
