1980 3146
47 873 103 912 35

138 123 208 176 92
775 120 836 164 M.
868 103 1164 166 PAcvavs

947 259 993 307 X

140 388 326 399 .....
364 345 508 398 nilne
548 344 614 397 ad
650 346 704 397 te
743 343 806 396 de
845 343 1042 396 iudicio
1081 360 1288 395 armum
1326 341 1552 395 accidit?

255 445 411 490 Cicero
445 445 569 490 Orat.
603 449 674 501 64,
700 448 785 488 155
820 443 908 488 ‘ait
937 443 1018 489 ille
1049 443 1169 488 alter
1198 442 1249 486 in
1279 441 1450 500 Chryse
1475 477 1485 488 .
1505 479 1541 488 ..
1566 456 1652 487 nec
1680 442 1805 487 enim

138 504 331 549 dixerim
389 506 489 548 tam
540 503 742 548 libenter
794 517 1004 547 armum
1055 501 1351 558 iudicium,
1413 501 1502 546 etsi
1554 505 1627 547 est
1678 502 1804 559 apud

137 564 351 610 eundem:
383 562 537 607 nilne’
571 576 608 607 e.
642 578 685 619 q.
719 578 752 608 s.

251 651 378 696 nilne
413 651 467 698 G.
501 652 796 698 Hermannus
825 650 1003 695 nihilne
1034 667 1070 695 ω

933 776 1005 823 XI

136 859 289 924 Quod
342 861 440 932 ego
494 844 746 933 inaudiuiv
787 858 1032 928 accipite,
1084 861 1139 911 et
1191 858 1321 928 quid
1369 858 1441 911 sit
1483 857 1625 911 facto
1672 876 1807 928 opus

1190 947 1466 1000 decernite.

250 1049 367 1093 Non.
404 1054 503 1106 126,
528 1054 583 1094 23
618 1048 927 1106 ‘inaudire,
960 1047 1121 1093 audire
1148 1048 1235 1092 ...’

250 1138 375 1193 quod
420 1137 633 1182 inaudiui
675 1137 729 1182 G.
763 1137 1078 1193 Hermannus,
1125 1139 1201 1183 cui
1244 1142 1296 1182 ut
1334 1141 1494 1194 postea
1530 1136 1805 1181 Buecheler-0

131 1198 331 1263 trochaei
356 1198 729 1255 praeplacebant:
755 1198 904 1254 possis
927 1198 1063 1242 etiam
1084 1197 1314 1241 senarium
1336 1209 1437 1243 voce
1461 1208 1576 1252 opus
1600 1197 1806 1242 claudere

220 1269 301 1311 qul
330 1270 364 1302 x

921 1322 1018 1369 XII

136 1405 269 1459 Olim
295 1406 555 1459 -recordor
593 1405 707 1459 eius
745 1406 976 1459 ferocem
1013 1408 1068 1458 et
1105 1406 1315 1458 t6ruam
1355 1405 1727 1458 confidentiam

250 1506 413 1551 Festus
442 1522 486 1564 p.
513 1511 599 1551 355
623 1507 684 1550 M.
735 1505 1008 1550 ‘toruitas
1041 1520 1071 1550 a
1101 1505 1276 1551 ferocia
1302 1508 1541 1551 taurorum
1564 1505 1691 1549 dicta
1715 1508 1800 1550 est

132 1557 362 1610 Pacuuius
392 1565 442 1609 in
465 1565 710 1610 Armorum
735 1564 909 1610 iudicio
934 1565 1078 1624 [XIII]
1106 1567 1155 1610 et
1174 1565 1322 1632 [XH]’
1348 1565 1528 1610 Nonius
1551 1581 1595 1632 p.
1622 1569 1797 1620 262,11

135 1624 522 1669 ‘confidentia
551 1639 734 1668 rursum
759 1624 1014 1681 temeritas,
1047 1623 1257 1669 audacia.
1305 1624 1536 1669 Pacuuius
1566 1624 1616 1667 in
1654 1623 1802 1668 Atha-

131 1683 263 1727 lanta
302 1683 405 1743 [IV]
443 1683 595 1728 idem
630 1683 712 1728 lib.
751 1684 819 1727 X’
853 1697 892 1728 e.
925 1698 968 1739 q.
1001 1698 1035 1728 s,
1098 1683 1324 1728 Secuntur
1367 1683 1587 1727 nimirum
1631 1682 1802 1727 Lucilii

131 1742 295 1799 verba,
343 1742 424 1786 sed
470 1745 579 1799 post
623 1742 771 1787 idem
817 1742 1045 1787 excidisse
1086 1741 1280 1787 Pacuvii
1318 1742 1372 1788 fr.
1413 1742 1497 1798 XII
1542 1745 1590 1787 et
1629 1755 1798 1786 nomen

131 1800 299 1846 Lucilii
331 1801 583 1846 admodum
612 1801 923 1859 probabiliter
954 1801 1153 1846 coniecit
1181 1801 1394 1846 Rothius.

901 1913 1025 1961 XIII

131 1995 295 2048 fer6ci
333 1996 570 2067 ingenio,
608 1997 818 2067 t6ruus3,
855 1995 1177 2067 praegrandi
1211 1995 1380 2067 gradu

245 2096 525 2154 praegrandi
555 2097 686 2156 vulyo
717 2097 1009 2154 praegnandi
1040 2099 1134 2143 cod.

905 2207 1024 2255 XIV

129 2287 270 2343 Nam
300 2290 466 2361 canis,
505 2290 715 2359 quando
747 2292 828 2344 est
856 2309 1104 2360 percussa
1133 2291 1330 2362 lapide,
1367 2309 1476 2344 non
1506 2294 1615 2344 tam
1647 2291 1798 2344 illum

1186 2380 1411 2451 adpetit,
1474 2436 1475 2439 ,

132 2462 240 2527 Qus
280 2484 391 2519 sese
437 2467 554 2538 icit,
601 2485 760 2536 quam
804 2466 962 2520 sslum
1005 2485 1219 2536 eumpse
1257 2468 1508 2538 lapidem,
1555 2469 1645 2537 qui
1685 2469 1800 2536 ipsa

1185 2556 1292 2609 icta
1330 2558 1430 2626 est,
1468 2557 1616 2625 petit.

245 2653 363 2698 Non.
392 2659 490 2711 124,
515 2660 541 2699 2
569 2655 700 2700 ‘icit
731 2655 965 2713 significat
985 2656 1200 2713 percutit,
1233 2656 1294 2700 ab
1317 2655 1450 2700 ictu.
1515 2655 1796 2712 ’(arm01·o

130 2710 347 2757 iudicio
378 2691 539 2759 Vrbin.
573 2717 677 2771 307)

247 2804 273 2842 2
306 2813 404 2844 sese
429 2803 611 2847 Vossius
641 2815 713 2846 ses
738 2803 782 2846 L
805 2816 913 2860 seq>
938 2803 1019 2847 sed
1042 2803 1317 2849 Bitschelius
1406 2814 1592 2858 eumpse
1618 2803 1797 2847 Vossius

131 2864 235 2900 eum
264 2857 416 2914 ipsum
439 2877 474 2903 ω
564 2860 646 2915 qui
674 2874 722 2905 se
745 2860 842 2917 icit,
874 2875 1015 2916 quam
1037 2861 1183 2905 illunc
1207 2872 1394 2917 eumpse
1422 2860 1475 2905 G
1502 2861 1797 2906 Hermannus

216 2919 416 2961 senarios
446 2919 527 2963 del
560 2918 695 2962 illum
724 2934 763 2965 v.
798 2925 824 2963 2
856 2921 1087 2965 dimetitwr
1121 2920 1292 2965 Onions
