1980 3146
105 92 174 145 66
795 91 845 145 Q.
878 91 1103 137 ENNIVS

920 231 967 277 V

15 296 103 410 ἓξὲξ
120 316 422 387 'Impetrem
475 315 629 384 (fae)
682 314 837 367 facile
887 314 953 366 ab
1006 314 1184 368 animo
1230 318 1293 367 ut
1338 317 1519 370 cernat
1562 317 1784 371 uitalem

1164 403 1427 474 abigeum.

220 507 337 550 Non.
372 509 472 562 261,
500 509 553 548 15
589 505 866 560 ε00111010,
899 502 1107 547 iudicare
1133 540 1141 548 .
1170 541 1179 549 .
1207 505 1236 549 .’

223 594 298 638 fac
336 592 477 637 facile
516 594 631 638 coni.
663 593 814 637 coroll.
846 591 1039 636 XXXIH
1078 591 1217 637 facile
1256 611 1291 637 ω
1331 592 1406 637 fae
1444 592 1525 638 ille
1557 596 1787 641 Vahlenus

102 668 211 699 mus.
254 654 398 698 Rhea.
435 656 512 707 16,
545 656 630 695 579
677 650 819 695 facite
861 651 1024 697 Debrio
1144 654 1301 696 cernet
1342 652 1450 697 GH
1563 653 1782 712 abigeum

101 714 286 770 scripsi:
326 713 384 767 ef.
427 710 536 757 C'Gl.
569 710 612 754 Π
643 715 693 766 3,
724 715 795 754 33.
829 715 936 766 234,
969 715 1024 755 20
1055 710 1121 755 IV
1153 717 1201 767 3,
1236 716 1444 768 15.201‚
1479 717 1546 757 14.
1583 717 1783 769 301,25

102 772 247 875 243,
271 769 552 887 412ba21g41m'
571 787 606 813 ω
644 768 848 872 hssfimm
883 770 1057 815 anias
1094 771 1147 815 in
1183 785 1269 829 my.
1308 770 1525 815 habitum
1555 773 1784 818 Vahlenus

156 846 259 876 erm.
506 842 635 872 uiam
713 843 769 873 ae

903 924 977 972 VI

105 1009 201 1064 Sin
239 1009 520 1062 fraeebunt
558 1008 909 1078 e6ndieione8‚
947 1009 1225 1078 repudiato
1265 1013 1319 1062 et
1356 1009 1576 1063 reddito.

221 1111 339 1155 Non.
375 1115 474 1166 110,
501 1114 555 1153 15
591 1109 852 1165 ‘flaccet,
884 1109 1092 1167 languet,
1125 1109 1283 1154 deficit
1309 1111 1423 1155 ....’

221 1199 292 1243 sin
320 1200 592 1244 Gulielmius
620 1198 671 1242 in
695 1216 730 1242 ω
820 1197 1067 1242 fracebunt
1090 1213 1223 1256 prop.
1253 1202 1403 1244 coroll.
1429 1199 1594 1244 LXXV
1616 1200 1783 1245 flacce-

102 1259 221 1302 bunt
251 1259 436 1303 Nonius
524 1257 689 1302 reicito
720 1272 754 1302 x

890 1353 990 1400 VH

102 1436 313 1507 'Aspice
359 1437 462 1491 hoe
508 1435 775 1489 sublimen
814 1437 1062 1507 eandenS,
1109 1456 1265 1507 quem
1303 1437 1557 1491 inuocant
1597 1441 1783 1492 omnes

1159 1524 1359 1580 Iouem.

217 1628 381 1672 Festus
411 1643 455 1685 p.
490 1633 576 1672 306
600 1628 661 1672 M.
729 1627 1078 1671 ‘sublimem’
1120 1626 1420 1684 (sublimen
1450 1627 1642 1685 Paulus)
1680 1629 1782 1673 ‘est

100 1686 148 1730 in
187 1687 486 1731 altitudinem
521 1687 717 1744 elatum,
756 1689 811 1730 ut
840 1686 1017 1730 Ennius
1048 1686 1098 1729 in
1129 1686 1332 1743 Thyeste
1359 1723 1367 1731 .
1395 1723 1404 1731 .
1433 1687 1460 1731 .'
1525 1686 1683 1732 Cicero
1716 1688 1775 1732 de

99 1748 195 1791 nat.
230 1746 352 1790 deor.
377 1747 420 1790 Π
443 1751 484 1802 2,
508 1751 537 1789 4
570 1745 703 1802 ‘quid
735 1746 859 1790 enim
887 1748 1045 1803 potest
1075 1758 1175 1790 esse
1206 1748 1306 1789 tam
1338 1748 1551 1803 apertum
1671 1761 1776 1790 cum

102 1805 282 1849 caelum
313 1805 601 1862 suspeximus
629 1841 638 1850 .
666 1842 675 1850 .
704 1841 712 1849 .
746 1819 887 1860 quam
918 1818 1018 1848 esse
1051 1804 1244 1861 aliquod
1273 1818 1446 1848 numen
1567 1806 1695 1861 quod
1724 1805 1776 1849 ni

99 1864 168 1907 ita
200 1866 334 1921 esset,
368 1864 448 1920 qui
478 1864 710 1921 potuisset
733 1864 933 1908 adsensu
958 1863 1164 1908 omnium
1188 1863 1340 1907 dicere
1363 1863 1562 1909 Ennius:
1595 1864 1770 1921 aspiee’

102 1937 138 1967 e.
164 1938 207 1978 q.
234 1939 268 1968 s.
328 1923 511 1967 Ibidem
541 1928 618 1979 25,
643 1928 699 1967 65
743 1923 891 1966 ‘hune
928 1922 1098 1980 igitur’
1137 1925 1215 1980 (se.
1248 1923 1423 1980 Iouem)
1458 1922 1680 1979 ‘Ennius,
1720 1926 1776 1968 ut

102 1996 239 2039 supra
279 1982 397 2039 dixi,
435 1984 676 2039 nuncupat
713 1981 784 2026 ita
823 1981 1002 2027 dicens:
1043 1981 1224 2039 aspiee’
1260 1995 1296 2026 e.
1323 1996 1366 2037 q.
1394 1997 1426 2026 S.
1497 1981 1679 2026 Ibidem
1708 1982 1774 2027 ΙΠ

100 2046 148 2095 4,
176 2046 230 2085 10
272 2041 498 2098 ‘primum
534 2041 646 2097 fuit,
693 2055 799 2085 eum
837 2040 1018 2085 eaelum
1057 2040 1442 2097 suspexissemus,
1490 2040 1651 2085 statim
1687 2055 1773 2085 nos

99 2099 392 2157 intellegere,
433 2113 533 2144 esse
564 2099 759 2156 aliquod
788 2106 979 2156 numen,
1016 2114 1107 2156 quo
1139 2100 1255 2143 haee
1286 2102 1521 2156 regantur.
1583 2100 1653 2143 Ex
1684 2100 1773 2144 hoc

100 2158 219 2202 illud
250 2159 416 2204 etiam:
448 2159 622 2216 aspice’
657 2172 695 2203 e.
721 2174 764 2214 q.
791 2174 824 2203 s.
872 2158 1053 2203 Ibidem
1086 2163 1154 2214 16,
1178 2164 1236 2203 40
1271 2158 1359 2202 ‘sit
1389 2172 1500 2202 sane
1532 2159 1645 2202 deus
1673 2158 1774 2216 ipse

100 2218 311 2261 mundus.
373 2218 473 2262 Hoc
520 2218 656 2262 eredo
696 2217 815 2261 illud
853 2231 954 2262 esse
994 2217 1260 2262 sublime’
1303 2231 1340 2262 e.
1374 2232 1417 2273 q.
1451 2233 1486 2262 s.
1547 2217 1774 2275 Apuleius

102 2276 158 2320 de
189 2277 361 2321 mundo
394 2291 431 2322 0.
457 2282 512 2321 33
537 2292 581 2334 p.
607 2282 692 2321 363
718 2276 834 2322 Oud.
886 2277 1145 2320 ‘Romanus
1177 2276 1321 2321 etiam
1350 2278 1491 2333 poeta
1516 2276 1581 2320 sie
1606 2277 1773 2322 sensit.

102 2335 273 2391 aspice’
309 2349 345 2379 e.
379 2351 422 2391 q.
456 2351 490 2380 s.
544 2335 722 2379 Probus
755 2335 805 2379 in
834 2335 972 2392 Verg.
1003 2335 1099 2380 Eel.
1127 2341 1174 2390 6,
1199 2340 1253 2379 31
1285 2351 1329 2392 p
1358 2340 1410 2378 11
1436 2334 1490 2380 Κ.
1548 2335 1774 2381 ‘Ennius.

101 2393 273 2449 aspiee’
308 2408 345 2438 e.
371 2409 413 2450 q.
440 2409 473 2439 s.
523 2394 828 2440 contulerunt
850 2351 1086 2451 Euripidis
1118 2394 1206 2439 1110.
1238 2394 1333 2439 fab.
1358 2394 1413 2438 fr.
1439 2399 1523 2438 941
1548 2394 1635 2439 N2:
1661 2394 1777 2455 ὁρᾶς

101 2452 182 2496 τὸν
217 2453 344 2526 ὑψοῦ
386 2451 517 2499 τόνδ’
560 2453 758 2510 ἄπειρον
795 2451 970 2509 αἰθέρα
1001 2471 1041 2498 κ.
1066 2470 1104 2497 τ.
1130 2457 1166 2498 λ.
1229 2460 1394 2497 τοῦτον
1433 2452 1586 2510 νόμιζε
1630 2457 1771 2509 Ζῆνα,

100 2508 229 2555 τόνδ’
263 2511 378 2568 ἡγοῦ
407 2511 539 2558 θεόν.

220 2598 449 2643 sublimen
494 2601 680 2646 Verrius
719 2600 919 2646 Flaccus
962 2606 1015 2645 at
1057 2602 1254 2656 videtum,
1301 2601 1471 2657 Apulei
1511 2614 1588 2644 ms.
1627 2600 1771 2644 Bene-

103 2658 323 2713 dicti‘nas,
370 2658 571 2717 Scaliger
607 2662 669 2704 ad
707 2661 837 2705 Varr.
879 2661 932 2704 de
968 2674 1016 2704 re
1052 2665 1163 2704 rust.
1198 2674 1247 2715 p.
1281 2664 1366 2703 235
1403 2665 1566 2704 veteres
1602 2659 1774 2714 Apulei

104 2717 238 2761 libros
277 2723 529 2762 antestans:
571 2720 629 2774 cf.
668 2719 941 2763 Bit-schelius
978 2732 1126 2774 opusc.
1158 2718 1223 2761 II
1246 2723 1332 2762 463
1349 2732 1412 2774 sq.
1473 2716 1557 2760 sub
1597 2716 1774 2761 lumine

102 2789 201 2819 mss.
243 2777 453 2820 Vossiani
489 2777 661 2833 Apulei
698 2776 894 2820 sublime
936 2777 1064 2822 Festi
1100 2778 1215 2832 eod„
1255 2777 1425 2832 Apulei
1464 2775 1773 2830 FlorentinuS,

104 2833 298 2889 Probas,
340 2835 567 2879 Ciceronis
597 2852 632 2879 ω
751 2835 975 2879 inuocant
1012 2849 1125 2880 corr.
1165 2849 1221 2880 ex
1257 2834 1448 2878 inuocat
1478 2834 1607 2878 Leid.
1640 2835 1685 2878 B
1717 2836 1773 2878 de

103 2892 221 2936 deor.
253 2898 349 2937 ‘nat
381 2894 445 2936 II
469 2898 510 2950 2,
533 2899 562 2936 4
593 2895 765 2937 uocant
797 2894 958 2939 Festus
988 2900 1030 2940 et
1060 2894 1236 2940 Probus
