1980 3146
747 117 808 163 M.
841 117 1143 163 PACVVIVS
1676 118 1784 171 115

106 253 313 295 natum.
375 251 502 294 Haeo
555 264 660 294 oum
709 250 880 307 pressis
935 253 983 294 et
1034 250 1268 295 flebilibus
1314 250 1486 307 modis,
1541 250 1622 306 qui
1668 251 1783 295 totis

108 309 305 354 theatris
335 309 620 354 maestitiam
650 309 865 366 inferant,
898 309 1223 366 concinuntur,
1257 309 1446 354 difficile
1478 311 1550 353 est
1578 323 1673 353 non
1702 323 1780 354 eos

109 369 191 425 qui
228 368 459 412 inhumati
492 368 586 412 sint
614 368 806 412 miseros
837 367 1057 413 iudicare.
1118 368 1275 426 prius
1307 383 1470 425 quam
1499 368 1655 413 ferae
1686 383 1783 413 uo—

108 428 374 484 luoresqu
385 441 422 472 e.
485 427 653 471 metuit
680 441 740 471 ne
770 427 990 471 laceratis
1019 427 1238 472 membris
1267 427 1420 472 minus
1450 428 1570 471 bene
1600 429 1781 474 utatur:

107 501 166 531 ne
191 486 458 542 combustis,
481 500 576 530 non
600 486 871 531 extimescit.
905 486 965 545 [4.
991 487 1039 545 5]
1070 486 1176 530 Non
1198 486 1436 544 intellego,
1461 486 1575 542 quid
1588 489 1783 543 metuat,

108 560 214 595 oum
253 549 351 589 tam
389 546 537 590 bonos
578 545 888 602 septenarios’
925 545 1252 602 (‘oetonarios’
1285 545 1557 603 Lambinus)
1591 545 1785 590 ‘fundat

109 605 169 649 ad
199 604 399 649 tibiam’
448 604 669 649 Horatius
698 604 837 649 Serm.
861 604 906 647 H
930 610 971 659 3,
997 609 1053 648 60
1087 605 1205 656 ‘non
1235 604 1385 661 magis
1418 604 1620 649 audierit
1642 619 1784 661 quam

107 663 263 707 Fufius
304 664 458 708 ebrius
498 663 630 719 olim,
671 662 785 707 Cum
813 662 1014 706 Ilionam
1044 663 1262 720 edormit,
1303 663 1507 708 Catienis
1539 663 1668 708 mille
1700 664 1783 707 du-

108 723 254 767 centis
293 724 475 767 Mater
518 726 575 766 te
614 722 844 779 appello
883 721 1230 766 clamantibus.'
1292 722 1548 779 Porphyrio
1588 722 1638 766 in
1676 722 1706 767 1.
1750 723 1781 767 1.

109 782 223 826 ‘hoo
269 795 406 826 uersu
456 781 765 826 clamitabant
810 780 890 837 qui
937 783 1009 824 est
1052 780 1271 825 Pacuuii’
1322 781 1471 838 (‘fort.
1516 781 1565 825 in
1602 781 1779 826 Iliona’

111 843 245 885 vetus
291 840 411 885 liber
455 841 503 885 P.
548 839 776 897 Danielis)
826 841 861 885 ‘z
888 841 981 898 [1]’
1030 839 1154 884 idem
1201 839 1389 886 deinde:
1441 840 1540 885 ‘hic
1583 841 1782 885 Fufius

107 900 325 957 (Fusius
363 899 490 956 libri)
528 899 816 943 Phocaeus
854 899 1202 956 tragoediarum
1240 902 1369 944 actor
1406 899 1518 954 fuit,
1558 900 1639 955 qui
1677 915 1783 944 oum

105 959 252 1003 uellet
294 958 494 1003 Ilionam
545 958 848 1025 dormientem
903 958 1176 1025 exprimere,
1230 961 1284 1002 ut
1330 959 1390 1002 ad
1435 958 1521 1002 filii
1562 959 1782 1025 Iffolydori

107 1021 602 1121 53⁹}ssssssssssssss
631 1018 1227 1134 ffagssgsaassfffflssgui
1246 1018 1782 1134 ffiffifss‘ffss'mssrssss}

108 1135 235 1179 diam
266 1139 427 1193 ageret
457 1135 612 1180 ebrius
644 1139 692 1179 et
720 1135 866 1179 uellet
896 1149 1001 1180 eam
1032 1135 1248 1179 simulare
1277 1136 1595 1191 dormientem,
1626 1136 1782 1193 graui-

104 1197 204 1238 tate
257 1195 357 1238 uini
411 1195 471 1238 ad
522 1208 684 1239 uerum
730 1208 941 1238 somnum
987 1195 1152 1239 duetus
1199 1197 1270 1239 est
1295 1195 1660 1252 ...Polydorus
1704 1195 1781 1239 hio

105 1256 298 1298 necatus
342 1257 485 1298 noctu
530 1253 674 1298 sorori
711 1253 844 1298 uenit
880 1253 930 1297 in
969 1253 1142 1298 somnis
1179 1268 1370 1311 rogans,
1417 1257 1471 1298 ut
1509 1253 1782 1311 sepeliretur

104 1313 193 1357 hoo
233 1313 410 1359 dicens:
456 1315 634 1357 mater
677 1315 733 1356 te
774 1313 1025 1370 appello,
1073 1326 1310 1370 exsurge
1349 1315 1404 1356 et
1442 1312 1623 1370 sepeli
1664 1315 1778 1357 me.’

106 1371 264 1416 Cicero
302 1386 387 1429 pro
428 1372 578 1417 Sestio
611 1377 689 1428 59,
717 1377 799 1416 126
843 1373 920 1415 ‘at
956 1385 1067 1416 uero
1106 1371 1186 1416 ille
1307 1373 1576 1429 emergebat
1610 1371 1780 1428 subito,

107 1445 212 1474 eum
243 1432 328 1475 sub
360 1431 548 1475 tabulas
580 1432 896 1488 subrepserat,
927 1434 982 1475 ut
1011 1431 1192 1475 Mater
1222 1433 1277 1474 te
1309 1431 1538 1488 appello
1571 1431 1780 1475 dicturus

105 1490 375 1534 uideretur.’
442 1490 704 1535 Scholiasta
741 1489 986 1534 Bobiensis
1031 1489 1081 1532 in
1118 1490 1148 1534 l.
1188 1490 1240 1535 l.:
1290 1490 1483 1534 ‘deinde
1519 1492 1628 1546 post
1664 1490 1781 1534 haee

105 1549 269 1593 intulit
314 1563 498 1593 uersum
541 1550 598 1593 de
636 1549 799 1593 fabula
835 1548 1126 1605 Pacuuiana,
1173 1562 1293 1604 quae
1331 1549 1417 1592 sub
1455 1548 1596 1592 titulo
1633 1548 1780 1593 Ilione

106 1608 263 1653 fertur.
311 1609 364 1652 In
396 1622 453 1652 ea
483 1611 554 1652 est
584 1608 756 1665 quippe
789 1609 1112 1664 argumentum
1141 1607 1211 1651 ita
1241 1607 1533 1665 dispositum,
1564 1610 1618 1651 ut
1643 1608 1781 1665 Poly-

107 1667 207 1711 dori
238 1668 404 1711 umbra
435 1668 687 1711 seeundum
717 1666 1100 1710 consuetudinem
1131 1666 1447 1710 scaenicorum
1478 1667 1538 1711 ab
1562 1666 1779 1712 inferiore

106 1726 260 1770 aulaei
298 1729 431 1783 parte
469 1726 692 1783 procedat
731 1727 778 1769 et
816 1728 977 1769 utatur
1014 1725 1102 1769 hac
1133 1725 1429 1770 inuocatione
1460 1725 1622 1769 matris
1654 1740 1779 1783 suae,

106 1799 247 1841 quam
279 1785 544 1829 sordidatus
576 1786 624 1828 et
654 1784 841 1841 lugubri
871 1784 1058 1840 habitu,
1094 1787 1148 1828 ut
1179 1784 1330 1828 solent
1360 1784 1440 1841 qui
1470 1799 1553 1841 pro
1583 1785 1781 1829 mortuis

105 1843 400 1900 inducuntur,
432 1843 555 1886 filius
582 1843 897 1900 implorabat.’
947 1842 1105 1887 Cicero
1129 1844 1271 1888 Aoad.
1296 1859 1362 1900 pr.
1387 1844 1431 1887 II
1455 1848 1525 1900 27,
1550 1848 1606 1888 88
1630 1844 1702 1901 (of.
1720 1844 1780 1901 V)

226 1967 337 2005 1-5
377 1963 650 2017 septenarios
682 1975 776 2006 non
806 1963 903 2006 sine
933 1963 1134 2006 audacia
1163 1963 1440 2017 efffinaeerunt
1470 1962 1706 2007 Bentleius
1736 1968 1778 2007 et

105 2021 380 2066 Bitschelius
410 2034 559 2077 opusc.
591 2020 655 2063 ΠΙ
683 2025 759 2065 26:
792 2022 848 2076 cf.
882 2027 995 2078 tray.
1029 2020 1158 2065 Rom.
1191 2025 1278 2064 234
1369 2026 1393 2064 1
1426 2022 1478 2064 tu
1509 2021 1619 2079 Rey.
1657 2021 1776 2066 Gud.

104 2081 253 2125 Bruoe.
286 2080 449 2134 Rern,
482 2093 564 2124 om.
597 2097 632 2136 φ
744 2092 1015 2135 suspensam
1044 2097 1084 2137 χ,
1117 2080 1373 2137 Porphyrio
1404 2093 1626 2136 suspenso
1649 2091 1687 2136 ψ

107 2143 132 2182 2
163 2141 296 2182 tuum
326 2139 583 2193 Bentleius,
623 2152 705 2182 om.
739 2155 773 2182 ω
905 2137 1053 2181 filium
1093 2138 1285 2183 Guietns
1401 2138 1529 2194 prius
1568 2153 1719 2195 quam·
1744 2139 1777 2183 f.

105 2212 148 2241 v.
188 2199 357 2243 maiore
392 2198 628 2242 intervallo
659 2213 688 2241 a
719 2199 872 2242 ceteris
908 2197 1130 2253 dirempta
1166 2198 1306 2252 fuisse
1335 2199 1548 2242 videntwr
1578 2199 1779 2243 Vahleno

105 2258 202 2300 ind.
237 2257 438 2315 1879s80
463 2271 510 2312 p.
545 2261 571 2299 8
685 2262 712 2299 4
742 2269 833 2299 neu
863 2255 1084 2311 reliquias
1116 2255 1325 2300 semiassi
1354 2255 1445 2300 reis
1480 2256 1598 2301 Gud.
1631 2257 1771 2302 Bern.

106 2315 215 2381 Rey.
248 2328 307 2358 ne
339 2330 372 2359 r.
408 2314 640 2358 semiassis
671 2314 762 2358 reis
794 2315 943 2359 Bruoe.
990 2328 1081 2358 neu
1110 2315 1190 2359 rel.
1225 2314 1434 2359 semiassi
1464 2314 1587 2371 regis
1619 2333 1654 2372 φ
1684 2330 1776 2359 neu

106 2373 328 2429 reliquias
355 2373 572 2417 semiesas
598 2375 685 2429 (vel
708 2373 772 2416 sic
795 2376 940 2431 meas)
967 2373 1069 2417 siris
1093 2375 1343 2430 Bentleius,
1369 2379 1474 2430 post
1495 2389 1622 2431 quem
1646 2374 1778 2418 sireis

104 2434 298 2487 formam
334 2434 530 2477 restituit
569 2433 639 2476 M.
672 2433 911 2488 Hauptius
946 2446 1038 2476 neu
1074 2448 1110 2477 r.
1146 2432 1262 2476 mias
1295 2432 1359 2476 sio
1393 2431 1523 2476 sireis
1553 2433 1656 2478 Bue
1685 2447 1776 2477 neu

105 2509 140 2535 r.
189 2494 415 2535 semustas
464 2491 594 2534 sireis
642 2492 886 2548 Vahlenus,
930 2494 1008 2536 sed
1050 2506 1190 2549 neque
1235 2492 1512 2549 Polyme-§tor
1556 2492 1778 2550 Polydori

106 2564 267 2606 eorpus
304 2556 543 2594 semustum
579 2551 741 2595 abiecit
778 2565 858 2595 nee
886 2551 1090 2596 Ilionam
1126 2552 1321 2606 fraterni
1353 2552 1553 2606 corporis
1582 2557 1675 2595 tam
1705 2552 1775 2595 in-

105 2611 329 2654 ewriosam
366 2611 463 2664 fore
500 2611 690 2667 coyitari
720 2615 920 2665 poterat,
958 2616 1011 2654 ut
1047 2623 1154 2667 royo
1192 2611 1369 2666 quidem
1406 2611 1662 2665 mandaret,
1701 2611 1778 2654 sed

105 2670 308 2712 nondum
339 2674 666 2713 concrematum
687 2669 911 2724 abriperet
933 2675 975 2713 et
996 2669 1107 2724 feris
1130 2668 1472 2714 dilacerandum
1494 2669 1773 2725 relinqueret.
1821 2695 1825 2699 ·

216 2732 241 2769 5
276 2726 535 2770 delibutam
567 2728 656 2771 duo
691 2726 831 2771 Ooeon.
