1980 3146
759 129 809 184 Q.
841 129 1066 176 ENNIVS
1615 182 1620 186 ,
1681 131 1752 184 85

860 269 974 318 ῙΝῙ
1791 222 1795 229 ’

201 366 387 412 Servius
418 365 467 409 in
498 366 610 410 Aen.
635 365 699 409 IX
723 370 817 409 253·
842 365 1091 423 ‘integer
1123 366 1271 423 aeui,
1302 365 1474 424 integri
1505 366 1624 422 aeui,
1655 366 1684 410 i.
1711 379 1749 411 e.

87 425 380 483 adulescens,
421 424 495 469 cui
535 427 666 469 aetas
705 424 889 482 integra
928 427 1146 482 superest.
1208 425 1342 470 Vnde
1372 425 1583 469 Ennius
1621 425 1752 470 deos

82 485 209 530 aeui
240 485 503 542 integros
537 483 703 541 dicit,
735 483 903 539 quibus
935 483 1134 528 multum
1166 484 1271 529 aeui
1303 485 1542 542 superest.'

848 623 989 671 LVII

89 750 278 761 .....
318 708 489 778 {ingue
527 706 709 759 uillosi
744 707 888 759 canis

198 808 487 852 Pseudoacro
532 807 583 850 in
626 806 734 850 Hor.
785 805 932 850 Oarm.
972 807 1037 851 III
1068 812 1144 863 11,
1179 811 1233 852 18
1291 807 1531 852 ‘muniant
1577 821 1751 865 angues

82 869 224 924 caput
256 866 374 926 eius]
406 869 459 910 ut
489 866 558 910 ait
587 865 784 910 Ennius:
817 879 969 923 angue
999 881 1043 912 u.
1077 867 1134 911 c.'

831 1005 998 1053 LVIII
1828 1042 1831 1045 .

78 1075 274 1130 Vei-seit
310 1093 630 1128 mucronem.
1750 1089 1838 1129 405

205 1177 388 1222 Servius
425 1177 541 1220 Dan.
582 1175 632 1218 in
670 1175 782 1219 Aen.
814 1175 878 1218 IX
903 1179 987 1219 744
1029 1176 1269 1233 ‘uersat,
1300 1175 1464 1232 librat,
1496 1175 1662 1220 iactat:
1704 1179 1752 1222 et

80 1239 152 1280 est
182 1236 446 1280 Ennianum
472 1272 479 1279 .
502 1271 509 1279 .
530 1236 558 1279 .’
623 1233 837 1278 Ceterum
875 1236 923 1278 et
959 1234 1097 1278 huius
1138 1238 1185 1279 et
1223 1234 1421 1280 aliorum
1450 1234 1751 1279 frustulorum

76 1295 305 1340 incertam
336 1294 563 1352 originem
594 1306 693 1336 esse
725 1292 848 1337 ultro
882 1296 1088 1351 apparet.

862 1433 974 1481 LIX
1031 1502 1173 1555 ferro
1212 1502 1416 1556 foedati
1449 1503 1635 1556 iacent.

116 1662 125 1670 ·
198 1603 383 1683 Serv’ius
423 1603 539 1647 Dan.
580 1602 629 1645 in
667 1603 779 1646 Aen.
813 1602 877 1646 ΠΙ
901 1607 983 1647 241
1028 1602 1305 1660 ‘foedare,
1346 1605 1598 1648 cruentare.
1659 1603 1750 1646 En-

78 1677 184 1706 mus
212 1699 219 1706 .
247 1699 255 1707 .
285 1699 292 1706 .

871 1743 958 1790 LX

79 1825 292 1880 'Omnes
341 1826 468 1878 dant
513 1825 793 1879 consilium
839 1845 1060 1896 uanum,
1107 1831 1264 1897 atque
1311 1827 1377 1880 aid
1418 1826 1750 1896 uoluptatem

1138 1917 1329 1970 6mm'a.

201 2016 373 2060 Fronto
406 2015 538 2072 epist.
571 2016 613 2059 II
639 2020 694 2059 10
722 2031 766 2073 p.
792 2021 848 2061 33
871 2017 991 2061 Nab.
1043 2017 1311 2068 ‘adfinitate
1343 2016 1571 2061 sociatum
1599 2028 1749 2071 neque

81 2074 260 2120 tutelae
293 2074 550 2120 subditum:
581 2077 822 2132 praeterea
852 2074 902 2119 in
933 2089 988 2120 ea.
1010 2075 1198 2121 fortuna
1221 2076 1538 2131 constitutum,
1569 2075 1619 2119 in
1642 2088 1748 2131 qua,
1803 2117 1809 2121 .

82 2136 137 2178 ut
183 2133 233 2187 Q.
274 2133 449 2178 Ennius
496 2134 584 2189 ait,
633 2147 790 2178 omnes
837 2134 976 2179 dant’
1015 2148 1052 2179 e.
1079 2150 1120 2191 q.
1148 2151 1181 2181 s.
1242 2135 1443 2180 Possunt
1488 2135 1545 2178 de
1591 2133 1749 2178 ariolis

82 2192 312 2251 intellegi,
343 2193 424 2249 qui
455 2192 504 2236 in
535 2192 786 2236 Telamone
816 2193 869 2237 fr.
902 2194 945 2237 H
977 2197 1238 2251 carpuntur.

202 2281 496 2325 uoluntatem
525 2296 559 2326 x

859 2346 972 2395 LXI

83 2428 340 2482 Perul'nce
377 2429 635 2499 pertinaci
674 2430 982 2498 peruicacia.

199 2529 445 2574 Frontonis
485 2530 618 2587 epist.
650 2530 713 2574 IV
737 2535 775 2596 2·
793 2545 837 2586 p.
864 2535 920 2574 60
949 2530 1068 2574 Nab.
1133 2531 1217 2574 ‘de
1256 2530 1439 2574 Herode
1477 2530 1602 2587 quod
1633 2530 1749 2574 dicis

82 2601 236 2655 perge,
269 2603 347 2632 oro
379 2591 440 2645 te,
474 2590 559 2648 [et]
591 2591 644 2631 ut
677 2588 917 2642 Quintus
949 2591 1106 2633 noster
1132 2589 1218 2655 eit,
1247 2588 1465 2654 peruince
1495 2604 1539 2646 p.
1571 2589 1635 2646 p.’
1690 2588 1747 2633 cf.

84 2648 196 2695 Acci
227 2662 268 2691 v.
295 2653 322 2691 4
341 2662 406 2703 sq.
441 2662 578 2704 quem
608 2648 668 2691 M.
703 2647 871 2691 Caesar
901 2647 1097 2692 fortasse
1128 2663 1177 2691 1n
1206 2650 1362 2692 mente
1392 2647 1571 2692 habuit.
