2010 3146
800 78 892 123 CN.
954 77 1218 123 NAEVIVS
1812 78 1842 130 7

976 218 1047 266 XI

169 303 619 373 Quinquertiones
656 303 846 372 praeco
886 302 942 354 in
979 302 1216 355 medium
1254 302 1595 372 <pr6>uooa13.

283 412 448 456 Festus
479 427 522 468 p.
558 415 642 455 257
666 411 727 454 Μ.
795 409 1189 466 ‘quinquertium.
1212 447 1220 455 .
1242 445 1252 456 .
1274 447 1282 455 .
1307 409 1468 454 Liuius
1500 423 1683 466 quoque
1715 410 1842 467 ipsos

166 471 370 516 alahletas
416 470 481 515 sic
519 470 753 515 nominat:
802 468 1202 525 quinquertiones'
1238 483 1275 514 e.
1309 484 1351 525 q.
1386 485 1419 514 s.
1481 469 1655 513 Paulus
1685 484 1730 526 p.
1757 474 1842 513 256

168 531 311 588 ‘ipsos
344 543 528 586 quoque
561 528 764 573 alzhletas
796 528 957 572 Liuius
990 528 1471 585 quinquertiones
1504 528 1746 586 appellat?

281 626 526 685 prouocat]
559 626 700 670 uocat
729 625 839 682 cod„
871 630 1023 670 tuetwr
1053 625 1155 670 Rue
1184 638 1353 682 praeco
1384 626 1671 683 trisyllabum
1693 626 1843 681 (prae-

164 688 298 743 uoco)
331 686 516 730 metiens

959 749 1056 796 XII

274 834 446 888 Varro
494 833 556 885 de
601 832 634 885 1.
673 832 706 884 l.
738 829 845 884 VII
875 831 908 882 3
956 831 1074 884 ‘neo
1120 831 1316 884 mirum
1364 849 1485 884 eum
1529 850 1638 884 non
1683 831 1841 885 modo

163 922 535 993 Epimenides.
555 964 564 975 .
584 964 593 974 .
613 921 704 973 sed
727 920 889 973 etiam
914 919 1152 972 Teucer
1174 919 1346 972 Liuii
1370 920 1632 990 postXV
1648 938 1842 973 annos

163 1011 238 1064 ab
278 1011 408 1064 suis
448 1010 556 1080 qui
594 1010 680 1062 sit
718 1007 1085 1080 ignoretur!

693 1208 831 1279 GN.
887 1207 1309 1279 NAEVIVS

852 1352 1149 1401 AESIONA

161 1515 218 1554 27
260 1451 409 1554 4Ξὲηο
455 1449 586 1495 ‘uituli
630 1450 828 1494 formam
874 1449 1134 1494 vindicavit
1178 1449 1487 1495 Buechelerus
1536 1466 1651 1496 mus,
1691 1451 1838 1495 Rhen.

222 1546 231 1567 ‚
353 1547 361 1556 .

159 1600 244 1655 Ne
282 1601 418 1653 mihi
457 1618 639 1672 gerere
678 1600 884 1652 morem
920 1599 1104 1652 uidear
1142 1599 1348 1671 lingua,
1393 1618 1582 1653 uerum
1619 1600 1839 1672 lingula.

279 1708 456 1754 Gellius
488 1708 530 1751 X
555 1712 610 1752 25
653 1707 1024 1752 ‘admonendum
1050 1743 1059 1752 .
1087 1744 1095 1751 .
1121 1706 1405 1764 lingulam
1443 1709 1624 1752 ueteres
1665 1707 1838 1753 dixisse

158 1767 419 1825 gladiolum
465 1767 719 1824 oblongum
764 1766 813 1809 in
861 1766 1064 1823 speciem
1100 1766 1290 1824 linguae
1328 1766 1526 1824 facturn,
1574 1766 1703 1811 ouius
1741 1782 1839 1812 me-

158 1826 298 1871 minit
342 1826 551 1871 Naeuius
603 1826 655 1869 in
706 1825 951 1882 tragoedia
996 1825 1247 1871 Haesiona.
1315 1826 1512 1870 Versum
1557 1826 1711 1870 Naeui
1757 1841 1838 1884 ap·

157 1885 329 1943 posui.
358 1923 366 1930 .
394 1887 422 1930 .’
485 1885 634 1930 Varro
684 1884 742 1929 de
786 1884 816 1930 l.
857 1885 888 1930 1.
919 1885 1007 1929 VII
1039 1890 1121 1929 107
1154 1885 1214 1930 M.
1281 1884 1458 1929 ‘multa
1505 1886 1631 1942 apud
1672 1888 1836 1943 poetas

158 1945 338 2000 reliqua
371 1958 471 1988 esse
503 1944 671 2000 uerba,
704 1958 901 2000 quorum
932 1943 1134 2001 origines
1165 1943 1349 2000 possint
1381 1943 1494 2001 dici,
1529 1958 1624 1988 non
1656 1945 1836 2002 dubito,

157 2006 212 2048 ut
250 2004 399 2061 apud
435 2003 715 2047 Naeuium
751 2003 810 2046 in
848 2003 1078 2048 Esiona:
1118 2003 1352 2048 enimuero
1384 2003 1534 2059 gladii
1564 2003 1766 2061 lingula,
1808 2019 1837 2049 a

158 2062 356 2121 lingua.'
421 2062 707 2107 Exciderunt
736 2061 840 2118 ipsa
870 2064 1038 2119 poetae
1069 2062 1213 2106 verba
1242 2064 1351 2119 post
1380 2076 1549 2107 nomen
1578 2062 1782 2108 fabulae.

275 2173 334 2203 ne
364 2158 482 2202 mihi
506 2158 800 2204 Suerdsioeus
824 2159 957 2203 Vina.
990 2173 1137 2215 praee.
1162 2159 1314 2204 Bentz.
1334 2173 1383 2215 p.
1410 2162 1480 2213 60,
1509 2158 1557 2203 Ο.
1584 2159 1837 2206 Muellerus

161 2217 259 2262 sine
290 2217 408 2262 mihi
440 2235 474 2262 ω
567 2218 766 2261 Martem
799 2217 1054 2263 Palmerius

879 2355 1023 2405 DAN
1023 2356 1111 2404 ΑΕ

984 2451 1010 2499 I

274 2534 513 2591 Leguntur
542 2535 784 2591 praeterea
815 2532 864 2575 in
894 2531 1046 2576 titulis
1078 2532 1254 2577 formae
1287 2533 1440 2577 Dane
1473 2536 1520 2578 et
1550 2534 1752 2580 Danea.

157 2622 353 2677 Omnes
391 2625 682 2678 formidant
720 2623 962 2676 homines
1002 2624 1113 2676 eius
1152 2624 1457 2678 ualentiam.

273 2733 392 2779 Non.
427 2738 525 2790 186,
552 2737 606 2776 23
641 2730 948 2787 ‘ualentia‚
982 2731 1245 2776 fortitudo?

273 2828 482 2872 homines
539 2829 721 2874 Vossius
772 2826 973 2871 hominis
1021 2845 1055 2872 ω
1176 2828 1275 2872 eius
1328 2827 1586 2872 nolentiam
1632 2828 1729 2872 FL
1782 2832 1830 2874 ef,

156 2888 395 2944 (suprascr.
428 2887 519 2944 ius)
550 2886 807 2931 ualentiam
838 2887 902 2931 W
