2010 3146
822 109 877 165 Q.
909 110 1134 155 ENNIVS
1656 110 1658 112 ’
1746 111 1814 163 21
1860 119 1868 125 ’

147 244 216 287 ‘at
246 244 426 287 ueteres
457 257 516 288 ne
548 246 882 301 expectorat
912 243 1102 300 quidem
1131 243 1420 288 timuerunt.’
1472 243 1630 288 Cicero
1663 244 1720 288 de
1743 244 1819 289 fin.

144 303 185 346 V
212 307 281 358 11,
306 307 360 345 31
386 302 519 358 r‘quis
552 306 623 347 est
654 303 778 347 enim
809 306 892 348 aut
923 303 1307 359 quotusquisque,
1340 302 1415 346 cui
1444 317 1569 347 mors
1601 317 1707 347 cum
1738 303 1823 346 ad-

142 361 437 419 propinquet,
462 376 556 406 non
579 362 859 420 refugiat'
888 376 926 406 e.
951 377 993 418 q.
1022 377 1054 407 s.
1090 363 1170 429 [5].
1202 362 1321 406 Νο11.
1348 367 1448 418 224,
1476 367 1530 407 16
1558 362 1822 420 ‘sanguis

142 422 403 465 neutro
429 420 586 466 Cicero
626 422 684 466 de
722 422 797 466 fin.
836 421 883 467 b.
923 424 971 466 et
1007 436 1067 465 m.
1109 420 1191 466 hb.
1223 420 1286 467 V:
1328 421 1699 477 quotusquisque
1730 422 1820 464 est’

145 493 181 524 e.
209 494 250 535 q.
279 495 312 524 s.
360 479 625 524 Priscianus
655 496 699 538 p.
730 485 813 525 708
837 481 887 525 Ρ.
939 481 1136 524 ‘ueteres
1167 480 1272 524 hoc
1305 494 1560 538 sanguen
1593 480 1821 525 dixerunt.
1870 496 1872 498 ·

146 538 302 583 Cicero
334 538 384 582 in
414 539 684 585 Hortensio:
716 542 770 583 ut
801 539 870 583 ait
900 539 1091 596 Ennius,
1123 538 1406 596 refugiat’
1443 553 1479 583 e.
1506 554 1549 595 q.
1577 554 1610 584 s.
1645 540 1725 598 [5].

265 647 287 685 1
331 642 621 686 multimodis
676 657 778 686 sum
822 644 1041 699 Bothius,
1094 657 1254 688 rwrsus
1297 645 1622 688 commendavit
1669 643 1830 688 CFW

146 702 366 747 Mueller:
398 703 452 758 ef.
489 701 641 747 Cicero
671 716 734 747 or.
766 706 839 758 45,
866 706 950 746 153
1049 707 1074 746 2
1109 716 1143 747 s,
1177 715 1374 758 omnem,
1407 717 1489 747 om.
1522 701 1600 758 mi,
1632 702 1822 747 Abrine.

146 761 248 805 E‘rl.
274 777 303 805 a
330 761 418 806 Cic.
444 762 497 805 de
521 775 582 806 or.
608 762 700 804 III
717 766 802 805 218
835 776 868 806 s.
901 760 1017 804 mihi
1050 774 1233 805 omnem
1262 762 1330 806 vel
1362 774 1545 805 omnem
1577 776 1611 805 s.
1643 760 1760 804 mihi
1782 770 1822 818 ’ψ

146 820 295 864 Nonii
391 820 648 875 exaqimato
667 820 768 865 Erl.
795 836 825 865 a
849 822 902 865 de
925 834 988 866 or.
1017 833 1073 864 ex
1098 819 1255 864 anima
1277 821 1404 865 Tusc.
1431 838 1466 864 ω
1557 822 1825 877 expectoret

151 879 279 924 Tuse.
305 879 453 924 Bruoe.
489 881 755 935 expectaret
783 879 900 924 Gud.
927 880 1036 937 Rey.
1099 884 1125 922 3
1158 880 1326 938 mater]
1359 879 1480 923 alter
1510 881 1618 924 libri
1643 881 1822 937 intem-i,
1910 897 1913 901 ·

145 952 228 983 om.
253 939 418 993 mutili,
441 943 594 983 tuetwr
616 939 719 983 Bue
742 938 868 982 ultor
892 939 1066 983 Vahlen
1088 940 1183 982 ind.
1204 942 1316 982 1888
1321 938 1345 998 s
1351 943 1376 982 9
1395 953 1443 995 p.
1462 944 1490 982 4
1579 937 1825 982 minitatur

146 998 256 1042 libri
278 998 359 1041 int.
453 1001 482 1039 4
505 1010 645 1052 quae:
671 999 728 1053 ef.
748 999 920 1043 Vahlen
935 999 1031 1042 ind.
1053 1001 1218 1053 1887]ss
1237 1013 1285 1054 10.
1306 1002 1332 1041 6
1426 1001 1452 1041 5
1468 996 1624 1055 fugiat
1640 998 1825 1042 Nonius

235 1055 460 1113 sanguine
494 1057 606 1101 libri
638 1057 865 1102 Ciceronis
897 1058 949 1102 de
980 1071 1043 1102 or.
1071 1062 1254 1114 praeter
1283 1056 1470 1102 Abrinc.
1505 1063 1546 1102 et
1577 1057 1678 1101 Erl.
1712 1072 1742 1101 a

947 1196 1025 1244 ΠΙ

262 1295 401 1347 unde
440 1295 570 1347 haec
608 1295 823 1347 flamma
863 1295 1071 1348 oritur?

726 1390 728 1392 >
831 1383 862 1416 >ze
1117 1383 1148 1416 ae

147 1472 424 1526 'Incedunt
462 1472 735 1525 incedunt:
784 1420 1004 1525 adsunt*
1015 1472 1228 1541 adsunt,
1273 1489 1358 1524 me
1396 1471 1518 1524 med
1556 1473 1825 1541 expetunt.

830 1560 860 1593 ῆι
1118 1559 1150 1593 ae

973 1597 1005 1631 =1e

146 1649 249 1702 Fer
279 1650 354 1702 mi
387 1649 661 1718 auxilium,
693 1643 897 1717 pestem
930 1647 1085 1719 abige
1113 1667 1143 1700 a
1165 1667 1264 1719 me,
1295 1647 1667 1701 flammiferam
1689 1649 1826 1702 hanc

1003 1738 1131 1807 uim,
1171 1738 1305 1806 quae
1342 1755 1428 1788 me
1468 1738 1749 1790 excruciat.

151 1825 404 1879 Caerulea
460 1825 720 1877 incinctae
775 1826 937 1896 angui
988 1826 1260 1895 incedunt,
1315 1825 1660 1878 circumstant
1705 1844 1826 1878 cum

999 1914 1306 1966 ardentibus
1344 1914 1528 1971 taedis,

826 2001 857 2034 a<
1113 2002 1143 2035 »ιε

968 2038 1000 2072 ae

143 2107 164 2139 5
235 2091 506 2159 <Eccum>
544 2090 776 2142 intendit
814 2089 1037 2142 crinitus
1074 2089 1270 2159 Apollo

108 2172 111 2175 ’
233 2178 435 2232 Arcum
475 2182 742 2249 auratum,
783 2179 967 2231 lunata
1004 2179 1205 2231 micans

234 2268 408 2320 Diana
446 2268 614 2320 facem
653 2267 781 2319 iacit
818 2268 849 2319 a
885 2267 1050 2320 laeua.

266 2383 423 2427 Cicero
456 2383 599 2427 Acad.
631 2397 699 2439 pr.
731 2382 774 2425 H
798 2386 868 2438 28,
894 2386 949 2425 89
986 2381 1146 2437 ‘quid?
1180 2381 1280 2439 ipse
1311 2382 1538 2426 Alcmeo
1570 2384 1692 2438 tuus,
1725 2382 1821 2438 qui

146 2444 321 2499 negat
359 2456 451 2486 cor
491 2441 603 2485 sibi
644 2455 763 2485 cum
794 2440 977 2485 oculis
1011 2440 1362 2485 consentire’
1398 2441 1471 2499 (cf.
1505 2441 1608 2498 IV),
1651 2442 1821 2486 ‘nonne

145 2501 359 2545 ibidem
411 2500 664 2545 incitato
718 2500 930 2545 furore:
984 2500 1155 2543 unde’
1206 2514 1243 2544 e.
1285 2514 1326 2555 q.
1369 2514 1403 2544 s.
1453 2501 1521 2566 [1]
1579 2501 1662 2544 ‘et
1713 2500 1821 2544 illa

148 2559 441 2616 deinceps:
474 2559 698 2604 incede’
735 2572 771 2603 e.
798 2573 840 2614 q.
868 2573 900 2602 s.
936 2559 1004 2617 [2]
1039 2558 1200 2614 ‘quid?
1232 2572 1336 2602 011111
1366 2557 1616 2616 uirginis
1646 2558 1821 2602 fidem

145 2618 442 2675 implorat:
469 2620 515 2678 [3
534 2620 621 2677 sq.]
645 2633 757 2662 num
781 2617 984 2674 dubitas,
1010 2617 1123 2673 quin
1147 2616 1238 2661 sibi
1260 2617 1377 2661 haec
1399 2617 1560 2661 uidere
1575 2616 1822 2662 uideatur?

146 2677 352 2733 itemque
391 2680 605 2722 cetera:
645 2676 929 2720 intendit’
965 2689 1002 2720 e.
1035 2691 1077 2732 q.
1113 2691 1146 2720 s.
1189 2677 1344 2734 [5—7]
1387 2675 1487 2732 ‘qui
1523 2675 1674 2732 magis
1705 2676 1822 2720 haec

152 2736 380 2792 crederet,
414 2735 453 2780 si
485 2738 660 2792 essent,
693 2749 833 2791 quam
865 2734 1105 2791 credebat,
1138 2735 1248 2790 quia
1279 2734 1592 2779 uidebantur?
1627 2737 1823 2791 apparet

149 2794 273 2838 enim
310 2794 406 2838 iam
446 2809 543 2839 001·
582 2809 701 2839 cum
741 2793 922 2838 oculis
955 2794 1318 2838 consentire.’
1383 2793 1541 2838 Cicero
1571 2807 1655 2849 pro
1685 2793 1820 2838 Rosc.

147 2854 250 2897 Am.
285 2858 362 2910 24,
395 2858 449 2897 67
502 2853 912 2909 ‘quemadmodum
957 2853 1006 2896 in
1050 2852 1223 2896 fabulis
1272 2865 1602 2909 saepenumero
1647 2851 1820 2896 uidetis

152 2925 252 2968 eos,
301 2912 381 2967 qui
429 2912 609 2968 aliquid
654 2912 781 2969 inpie
830 2911 1143 2968 scelerateque
1182 2911 1518 2968 commiserint,
1565 2910 1735 2968 agitari
1774 2914 1822 2955 et

1822 1304 1912 1346 '25

1854 2193 1910 2232 30
