1980 3146
151 107 222 160 90
785 105 845 149 M.
877 103 1175 149 PAcvvrvs

924 243 1042 291 XVI

257 329 551 382 Martianus
592 326 805 396 Capella
842 325 925 380 IH
955 326 1061 380 257
1113 327 1263 380 ‘nam
1310 325 1523 381 Setum
1573 327 1831 383 dicebant

149 436 305 487 quem
343 435 482 470 nunc
521 415 748 469 Zethum
787 416 1004 468 dicunt.'

264 516 527 561 Priscianus
557 531 602 574 p.
629 521 711 560 561
741 516 790 561 Ρ.
856 517 919 560 ‘T
947 519 995 561 et
1030 521 1064 561 Z
1094 516 1144 561 in
1174 516 1352 574 graecis
1383 518 1705 562 tantummodo
1736 531 1820 575 po-

147 579 318 621 nuntur
362 575 668 631 dictionibus,
715 575 927 631 quamuis
974 575 1024 619 in
1061 575 1222 620 multis
1261 579 1441 621 ueteres
1479 577 1595 621 haec
1635 590 1818 633 quoque

147 638 351 680 mutasse
390 634 712 691 inueniantur,
753 636 800 678 et
836 649 920 692 pro
958 638 999 679 Τ
1026 635 1081 691 V,
1119 650 1202 692 pro
1238 639 1273 679 Z
1303 649 1435 691 uero,
1475 636 1600 691 quod
1629 650 1725 740 111οῂ
1745 636 1817 680 SD

148 693 404 739 coniunctis
437 693 676 751 accipitur,
710 693 740 737 S
770 693 848 737 uel
872 693 934 738 SS
959 693 1036 738 uel
1059 694 1099 737 D
1129 694 1353 751 posuisse
1385 696 1467 739 ut.
1516 694 1704 752 ,Sagtm
1806 731 1817 751 ,

145 768 300 798 massa
345 767 428 810 pro
479 754 745 809 Ζάκυνθος,
792 759 946 810 μᾶζα.
975 789 983 796 .
1012 753 1111 798 Se
1124 754 1278 797 thus
1328 753 1487 811 (11111110
1534 697 1725 811 setus?
1765 755 1819 798 ut

147 812 305 856 docuit
334 811 618 856 Ritschelius
650 825 806 869 opusc.
833 811 897 856 IV
922 813 1071 869 146)‘
1081 826 1164 869 pro
1199 816 1356 869 Ζῆθος
1387 812 1627 857 dicentes!
1690 813 1818 857 Haec

147 872 208 915 ad
237 870 490 915 Pacuvium
527 871 676 915 videri
715 872 924 928 spectare
959 871 1141 915 monuit
1171 871 1495 916 Fleckeisenus
1527 871 1674 929 Epist.
1715 871 1815 917 crit.

147 931 208 974 ad
238 930 287 974 F.
318 929 627 974 Ritschelium
656 945 701 987 p.
733 930 839 973 XIII

264 989 510 1034 Praeterea
541 988 818 1046 locupletari
848 988 984 1032 huius
1017 988 1207 1033 fabulae
1238 989 1463 1045 reliquiae
1494 991 1691 1046 possunt
1721 989 1816 1035 his.

147 1048 238 1092 inc.
263 1048 356 1092 fab.
382 1049 558 1094 I—VII.
583 1049 699 1105 LIII,
732 1047 819 1092 inc.
845 1047 934 1092 inc.
967 1047 1061 1092 fab.
1094 1047 1229 1093 LXX.
1263 1047 1414 1093 CXIX.
1449 1048 1579 1094 CXX.

645 1203 977 1252 ARMORVM
1013 1202 1325 1251 IVDICIVM

967 1307 994 1354 I

237 1433 247 1445 .
282 1434 290 1443 .
330 1393 489 1461 seque
530 1391 596 1443 ad
633 1391 786 1444 ludos
824 1390 932 1444 iam
970 1390 1093 1443 inde
1132 1389 1325 1442 abhinc
1363 1391 1653 1443 exerceant.

266 1491 499 1536 Charisius
531 1509 575 1549 p.
603 1497 686 1537 175
710 1492 760 1538 P.
796 1490 1065 1535 ‘abhinc’

265 1593 455 1636 seseque
488 1581 784 1626 Hermannus

960 1646 1013 1693 H

150 1729 255 1792 Qu1
289 1730 460 1801 uiget,
498 1731 744 1783 uescatur
782 1729 965 1800 armis,
1004 1728 1060 1781 id
1097 1728 1355 1798 percipiat
1391 1729 1699 1798 praemium.

263 1831 382 1875 Non.
400 1835 500 1886 416,
520 1832 586 1875 1‘
599 1830 753 1875 uesci
778 1830 921 1874 etiam
903 1829 1180 1934 ..significat
1202 1828 1306 1873 uti.
1357 1829 1620 1873 .Pacuuius
1645 1829 1818 1887 Chryse

208 1888 367 1933 ,idem
396 1889 642 1934 Armorum
671 1889 880 1934 iudicio.

264 1977 303 2022 it
337 1978 505 2035 GHL,
537 1980 657 2024 unde
686 1977 737 2021 id
767 1993 800 2023 x
830 1979 883 2022 ut
914 1995 949 2034 φ

948 2100 1026 2151 ΙΠ

194 2230 203 2239 .
238 2230 247 2240 .
289 2187 381 2257 qui
418 2188 529 2240 sese
571 2187 768 2239 adfines
808 2187 917 2238 esse
957 2187 1024 2238 ad
1061 2186 1382 2239 causandum
1418 2187 1629 2256 uolunt,

149 2274 229 2327 De
266 2275 467 2328 uirtute
507 2275 552 2327 is
593 2276 690 2345 ego
731 2274 983 2327 cernundi
1023 2274 1088 2326 (16
1127 2276 1445 2343 potestatem
1484 2275 1743 2328 omnibus,

265 2376 382 2420 Non.
417 2380 494 2431 89,
523 2380 574 2418 11
627 2374 878 2419 ‘causari
921 2389 1110 2419 causam
1150 2374 1300 2419 dicere
1339 2375 1416 2418 uel
1455 2375 1794 2421 defendere

149 2433 277 2477 Idem
307 2440 406 2489 261,
434 2439 487 2478 19
521 2435 774 2478 ‘cernere
805 2448 985 2477 rursum
1017 2433 1237 2477 dimicare
1268 2434 1345 2477 uel
1375 2435 1652 2478 contendere
1678 2472 1686 2480 .
1709 2471 1745 2478 ..

268 2527 291 2565 1
326 2522 499 2565 adfines
531 2523 703 2567 Junius
733 2522 933 2565 adfinem
964 2525 1037 2579 (sc.
1071 2522 1131 2566 ad
1162 2522 1300 2566 finem
1330 2523 1447 2578 Rue)
1479 2540 1513 2566 ω
1605 2527 1630 2565 2
1663 2522 1734 2565 his
1764 2524 1822 2566 H

143 2595 190 2636 p.
218 2584 274 2624 89
307 2583 354 2624 61
384 2598 418 2624 ω
445 2596 492 2637 p.
519 2585 602 2625 261
693 2583 977 2637 potestatem
1008 2580 1229 2624 cernundi
1261 2581 1319 2624 do
1352 2580 1563 2624 omnibus
1595 2598 1629 2624 ω
1655 2596 1703 2638 p.
1730 2586 1812 2625 261

946 2719 1019 2767 IV

65 2813 119 2853 25
151 2799 253 2854 'An
277 2803 395 2871 quis
419 2806 498 2855 est
523 2803 615 2872 qui
639 2805 692 2855 16
715 2821 826 2856 esse
852 2804 1086 2874 dignum,
1118 2802 1333 2872 quicum
1357 2804 1599 2872 certetur,
1628 2805 1827 2872 putet?

267 2902 385 2946 Non.
419 2908 517 2958 473,
546 2908 600 2946 14
634 2903 913 2948 ‘certatur
943 2918 1026 2959 pro
1058 2875 1251 2947 certatf
