1980 3146
715 137 777 181 M.
809 138 1108 184 PACVVIVS
1645 136 1749 189 143

68 271 208 316 Taur.
248 285 290 316 v.
327 275 412 315 236
441 268 679 327 Ἕλληνες·
729 269 780 316 ἓν
825 270 952 317 τοῦτ’
996 268 1125 329 οἶδα,
1171 271 1258 316 κού
1302 267 1579 328 περαιτέρω,
1626 269 1749 313 unde

71 330 340 375 coniectura
376 329 465 374 hoc
503 329 557 374 fr.
599 329 682 374 alii
722 330 783 374 ad
820 331 1115 376 Dulorestem
1151 329 1454 386 rettulerunt,
1492 329 1592 386 ipse
1625 343 1750 372 nunc

71 390 133 434 ad
164 389 371 446 Chrysen
399 388 633 447 pertinere
663 392 793 446 puto.

186 478 307 523 istoc
338 479 536 524 Bothius
565 477 661 522 ista
691 478 795 523 Erz.
826 477 919 522 isto
951 495 987 535 φ

829 617 982 665 ΧΠῙ,

87 707 303 762 Solatur
342 709 631 762 auxiliatur
667 708 1020 778 hortaturque
1058 727 1157 762 me.
1751 719 1836 759 365

188 811 352 854 Festus
382 824 427 866 p.
460 814 544 854 301
569 810 633 855 Μ.
680 809 885 854 ‘solari
917 809 1016 853 sine
1045 809 1394 867 praepositione
1425 810 1596 856 dixisse
1629 811 1748 855 anti-

70 883 186 924 quos
217 868 352 913 testis
384 870 456 913 est
485 868 732 927 PacuuiuS,
764 883 869 913 cum
901 868 989 914 ait:
1023 869 1218 913 solatur‘
1253 883 1290 914 e.
1324 884 1367 925 q.
1402 885 1434 915 s.

828 1003 984 1058 me

798 1101 1026 1170 Pylades

68 1173 203 1245 'Ego
242 1193 360 1227 sum
400 1173 626 1228 Orestes.
1728 1176 1838 1231 3651

671 1258 679 1264 ’
800 1248 1012 1302 Orestes

245 1335 435 1390 'Immo
474 1338 617 1390 em‘m
655 1356 783 1391 uero
824 1356 923 1409 ego
962 1357 1104 1409 sum,
1140 1337 1384 1409 inquam,
1424 1338 1636 1392 Orestes
1662 1382 1674 1392 .
1699 1382 1710 1393 .
1735 1382 1747 1393 .

703 1426 735 1459 εις
846 1463 878 1497 *
990 1427 1022 1460 aze

786 1514 1027 1585 Vterque

159 1646 170 1656 .
205 1646 214 1656 .
255 1603 412 1656 ambo
453 1622 580 1675 ergo
619 1604 789 1675 igitur
825 1603 987 1657 simul
1024 1623 1132 1657 una
1169 1604 1427 1658 enicarier

72 1691 496 1762 Comprecamur.

189 1793 346 1838 Cicero
379 1793 437 1837 de
468 1793 545 1839 fin.
576 1793 620 1838 V
644 1798 724 1849 22,
747 1798 804 1838 63
838 1792 937 1849 ‘qui
969 1793 1194 1838 clamores
1226 1793 1359 1852 uulgi
1391 1795 1531 1849 atque
1561 1792 1747 1850 imperi-

67 1856 223 1898 torum
269 1851 532 1896 excitantur
575 1851 625 1896 in
670 1851 889 1910 theatris,
937 1867 1042 1896 011111
1081 1853 1168 1898 illa
1206 1853 1441 1898 dicuntur:
1490 1866 1590 1910 ego
1631 1867 1748 1896 sum

72 1912 324 1967 Orestes,
358 1913 620 1967 contraque
645 1912 704 1955 ab
737 1911 907 1957 altero:
946 1911 1135 1956 immo’
1170 1926 1208 1958 e.
1242 1928 1285 1969 q.
1319 1927 1353 1957 s.
1419 1911 1559 1956 ‘Cum
1590 1913 1748 1955 autem

70 1970 212 2015 etiam
243 1948 431 2014 exitus
465 1971 533 2014 ab
563 1972 805 2027 utroque
838 1971 1006 2014 datur
1037 1973 1380 2016 conturbato
1414 1969 1747 2037 errantique

68 2029 210 2087 regi:
244 2029 429 2074 ambo’
463 2044 502 2074 e.
535 2044 578 2086 q.
613 2045 646 2074 s.
712 2029 954 2087 ‘quotiens
984 2031 1074 2075 hoc
1106 2030 1282 2088 agitur,
1323 2030 1624 2086 ecquandone
1653 2028 1747 2073 nisi

69 2088 457 2133 admirationibus
486 2088 755 2134 maximis?
809 2089 989 2133 Ibidem
1019 2090 1063 2134 H
1086 2095 1155 2146 24,
1182 2095 1238 2134 70
1272 2091 1380 2133 ‘aut
1409 2088 1609 2145 Pylades
1642 2102 1748 2132 cum

69 2148 147 2204 sis,
180 2147 306 2192 dices
337 2150 386 2192 te
418 2162 519 2192 esse
544 2147 767 2206 Orestem,
798 2150 852 2192 ut
881 2148 1079 2193 moriare
1109 2162 1193 2206 pro
1226 2148 1405 2215 amico?
1437 2149 1521 2191 aut
1551 2147 1592 2190 si
1622 2161 1746 2191 esses

70 2207 269 2263 OresteS,
301 2206 527 2264 Pyladem
556 2185 806 2264 refelleres,
837 2210 885 2251 te
907 2206 1154 2264 indicares,
1187 2209 1235 2252 et
1258 2207 1298 2251 si
1321 2207 1371 2250 id
1392 2221 1487 2251 non
1508 2205 1745 2264 probareS,

69 2281 159 2322 quo
190 2266 344 2309 minus
377 2267 513 2312 ambo
543 2280 638 2310 una
666 2266 950 2311 necaremini
979 2281 1074 2311 non
1102 2266 1396 2324 precarere?’
1459 2265 1589 2309 Idem
1617 2265 1743 2310 Lael.

71 2330 117 2380 7,
144 2330 200 2368 24
241 2324 363 2380 ‘qui
402 2325 677 2368 clamores
716 2327 842 2369 tota
879 2340 1053 2370 cauea
1090 2340 1266 2383 nuper
1303 2325 1361 2368 in
1398 2324 1650 2382 hospitis
1690 2327 1746 2369 et

69 2383 237 2427 amici
267 2383 376 2427 mei
405 2384 468 2428 M.
500 2383 738 2428 Pacuuii
767 2398 914 2428 noua
943 2384 1164 2430 fabula!
1210 2399 1314 2428 cum
1343 2383 1591 2440 ignorante
1620 2397 1744 2441 rege,

0 2442 1 2447 ’
68 2445 172 2487 uter
210 2445 333 2486 esset
372 2442 580 2499 Orestes,
618 2443 818 2499 Pylades
858 2443 1068 2488 Orestem
1106 2457 1155 2488 se
1194 2456 1294 2487 esse
1333 2442 1530 2500 diceret,
1571 2444 1626 2487 ut
1660 2457 1744 2500 pro

68 2501 152 2546 illo
190 2504 457 2558 necaretur,
497 2501 682 2546 Orestes
722 2504 900 2558 autem,
945 2502 1016 2547 ita
1052 2504 1107 2546 ut
1145 2504 1267 2558 erat,
1309 2500 1521 2546 Orestem
1558 2515 1608 2546 se
1646 2515 1745 2546 esse

68 2563 398 2617 perseueraret.
462 2561 639 2605 stantes
675 2560 968 2618 plaudebant
1001 2561 1051 2605 in
1080 2575 1130 2605 re
1160 2561 1302 2605 fieta.’
1367 2560 1423 2605 cf.
1455 2560 1745 2618 Augustinus

69 2619 263 2665 confess,
294 2620 360 2665 IV
384 2625 423 2665 6.
492 2621 547 2664 In
593 2619 786 2676 Chryse,
838 2634 934 2664 non
978 2620 1029 2664 in
1072 2619 1318 2664 Duloreste
1363 2619 1484 2664 hanc
1530 2634 1747 2665 scaenam

67 2678 211 2722 fuisse
243 2678 444 2724 coniecit
477 2679 527 2724 O.
560 2678 756 2723 Jahnius
787 2679 941 2723 Herm.
971 2679 1016 2723 Π
1040 2684 1139 2723 233.

189 2771 214 2810 2
231 2780 293 2824 sq.
326 2768 382 2822 cf.
415 2768 565 2812 coroll.
597 2766 763 2811 XLVH
795 2768 931 2811 ambo
964 2780 1074 2824 ergo
1104 2765 1266 2823 (igitur
1298 2767 1452 2825 Vina.)
1483 2781 1742 2823 sunanega-

68 2839 181 2867 num
212 2827 292 2881 (sic
316 2827 467 2870 Palat.
493 2827 688 2884 Erlanq.
722 2825 1065 2882 sunaniganum
1096 2827 1164 2870 vel
1194 2839 1376 2870 summa
1402 2826 1615 2884 negarim
1644 2827 1746 2881 aliz)

69 2897 312 2939 precamur
339 2902 374 2929 ω
408 2885 545 2929 ambo
577 2899 686 2942 ergo
718 2898 812 2928 una
842 2885 1051 2928 necarier
1070 2898 1315 2942 precamur
1339 2887 1398 2929 M
1398 2888 1586 2932 advicus
1609 2884 1746 2928 ambo

70 2955 180 2998 ergo
221 2943 287 2987 sic
325 2957 420 2987 una
458 2943 684 2988 enicat-ier
722 2943 1076 3001 Comprecamur
1114 2945 1199 3000 (vel
1234 2957 1478 3000 precamur
1514 2946 1566 2989 in
1602 2945 1747 2988 medio
