2010 3146
783 84 834 139 Q.
866 83 1091 129 ENNIvs
1709 81 1780 135 33

821 315 823 317 ,
894 265 995 334 [ΙΠ

107 371 309 426 iniuria
347 370 442 423 abs
480 372 533 423 te
572 367 796 422 adficior
832 368 1074 439 indigna,
1111 370 1275 437 pater.

106 459 249 514 Nam
286 459 333 512 si
369 457 658 528 inprobum
696 475 807 510 esse
848 455 1232 526 Chrespontem
1270 454 1564 523 existimaS,
1788 466 1871 506 115

111 548 219 602 Cur
256 565 341 601 me
379 546 506 600 huic
543 546 756 600 locabas
794 545 1035 615 nuptiis?
1073 545 1158 597 sin
1196 546 1276 597 est
1313 543 1536 614 probus,

111 636 219 690 Cur
257 637 420 690 talem
457 635 684 689 inuitam
722 634 955 687 inuitum
994 633 1141 704 cogis
1178 631 1419 702 linquere
1433 633 1460 685 Ῥ

867 722 1028 775 Pater

1040 809 1172 863 duxi
1204 810 1456 879 probum:
1766 824 1789 858 5

112 903 329 972 Erraui‚
365 905 489 972 post
526 901 756 972 cognoui
795 903 848 953 et
884 900 1034 970 fugio
1075 899 1388 970 cognitum]

229 1018 366 1062 Rhet.
414 1017 476 1061 ad
513 1017 711 1061 Herenn.
744 1016 787 1060 H
825 1020 901 1072 24,
932 1019 990 1059 38
1032 1016 1252 1060 ‘utuntur
1289 1015 1435 1072 igitur
1474 1014 1702 1059 studiosei
1739 1014 1789 1058 in

117 1076 433 1122 confirmanda
484 1075 666 1120 ratione
720 1075 897 1132 duplici
950 1074 1246 1119 conclusione
1298 1074 1387 1119 hoc
1432 1075 1570 1118 modo
1619 1075 1786 1132 [1—4].

117 1136 244 1190 Quae
282 1136 371 1180 hoc
408 1136 548 1180 modo
587 1134 942 1190 concludentur,
981 1136 1065 1178 aut
1103 1148 1159 1179 ex
1198 1133 1430 1178 contrario
1462 1135 1791 1178 conuertentur

116 1198 199 1240 aut
230 1209 285 1240 ex
317 1194 519 1252 simplici
549 1196 683 1251 parte
711 1193 1118 1250 reprehendentur.
1163 1193 1234 1237 Ex
1258 1192 1491 1237 contrario
1515 1193 1603 1237 hoc
1627 1193 1788 1237 modo:
1870 1223 1875 1225 -

241 1286 243 1289 ψ
292 1254 436 1298 Nulla
466 1255 514 1298 te
545 1252 762 1310 indigna,
793 1255 929 1308 nata,
962 1251 1135 1297 adficio
1166 1252 1351 1297 iniuria.

294 1313 343 1357 Si
372 1313 545 1370 probus
578 1315 669 1368 est,
703 1311 892 1379 <bene>
923 1312 1100 1357 locaui:
1134 1311 1206 1355 sin
1237 1314 1309 1356 est
1338 1311 1582 1369 inprobus,

294 1371 509 1416 Diuortio
541 1374 588 1415 te
619 1370 831 1415 liberabo
862 1370 1200 1415 mcommodis?

118 1435 161 1488 (2
200 1432 319 1476 bene
358 1431 514 1475 locaui
544 1431 723 1475 Aldina
761 1429 916 1474 1003111
946 1441 984 1486 ψ
1024 1429 1267 1474 00111003111
1297 1447 1332 1486 φ
1454 1434 1481 1473 3
1513 1428 1705 1474 diuortii
1735 1439 1774 1485 ψ

120 1491 215 1534 ‘Ex
269 1490 471 1547 simplici
524 1491 658 1547 parte
703 1489 1116 1546 reprehendentur,
1172 1489 1239 1533 sei
1285 1502 1342 1532 ex
1387 1488 1564 1545 duplici
1609 1488 1794 1532 conclu-

119 1550 249 1594 sione
281 1550 507 1594 alterutra
537 1563 646 1606 pars
679 1547 894 1603 diluitur,
930 1548 1018 1592 hoc
1048 1548 1209 1593 modo:
1247 1548 1386 1592 Nam
1418 1547 1465 1591 si
1495 1547 1795 1605 inprobum

120 1608 469 1666 ...nuptiis‘?
500 1635 559 1640 --
591 1607 724 1651 duxi
769 1607 1005 1664 probum
1044 1608 1144 1666 [6].’
1206 1606 1458 1665 Rhetoris,
1492 1620 1587 1650 non
1624 1609 1793 1664 poetae

118 1681 219 1712 esse
258 1670 352 1712 tres
383 1667 492 1711 illos
522 1680 705 1711 versus:
726 1666 908 1710 >nulla
939 1680 977 1710 e.
1010 1681 1054 1722 q.
1088 1680 1122 1710 s.
1185 1665 1298 1710 olim
1329 1664 1448 1722 dixi,
1486 1679 1609 1710 nunc
1640 1667 1795 1710 totum

118 1727 274 1771 locum
306 1726 493 1770 scholae
523 1725 812 1769 reddendum
842 1738 942 1770 esse
975 1725 1213 1769 adsentior
1242 1724 1477 1769 Friderico
1509 1725 1642 1769 Marx
1674 1724 1792 1782 prol.

118 1802 162 1842 p.
191 1791 288 1830 132.
351 1785 530 1829 Eadem
567 1785 717 1841 figura
755 1799 866 1829 usus
905 1787 977 1829 est
1013 1784 1208 1829 Plautus
1248 1783 1297 1827 in
1329 1784 1488 1828 Sticho
1521 1799 1563 1829 v.
1590 1789 1675 1828 129
1693 1798 1792 1840 sqq.

119 1845 195 1902 (cf.
229 1847 408 1900 quaest.
443 1857 562 1888 scen.
595 1859 639 1900 p.
665 1846 781 1900 353).

239 1953 265 1990 2
296 1947 618 2003 threspontem
655 1960 755 1991 esse
790 1964 817 2004 χ
884 1928 886 1931 ’
938 1960 1038 1991 esse
1077 1946 1409 2004 Cresphontem
1447 1948 1792 1991 aestumaueras

122 2007 359 2064 Kayserus
395 2007 448 2050 in
485 2008 550 2051 ed.
584 2020 658 2062 pr.
698 2019 797 2050 esse
837 2005 1169 2063 Cresphontem
1208 2005 1514 2066 (hominem)
1541 2005 1793 2050 ‘existimas

129 2067 356 2111 Vahlenus
386 2079 496 2110 mus.
528 2065 674 2110 Rhen.
703 2070 771 2121 16,
799 2069 883 2108 579
916 2064 986 2110 Cr.
1020 2065 1372 2110 existimaueras
1403 2066 1490 2110 alii

925 2204 998 2252 IV

122 2288 287 2341 Ducit
335 2306 419 2341 me
465 2306 686 2340 uxorem
724 2286 1016 2341 liberorum
1054 2288 1160 2341 sibi
1200 2288 1556 2358 quaesendum
1593 2287 1781 2358 gratia.
1802 2300 1885 2339 120

239 2396 403 2439 Festus
442 2410 485 2452 p.
520 2400 604 2439 258
636 2395 698 2439 Μ.
772 2395 1068 2451 ‘quaesere
1113 2396 1303 2454 ponitur
1349 2396 1410 2440 ab
1458 2395 1665 2452 antiquis
1711 2411 1795 2454 pro

125 2468 359 2511 quaerere,
392 2456 446 2498 ut
477 2456 549 2498 est
581 2454 706 2511 apud
736 2454 937 2498 Ennium
970 2483 1022 2488 ——
1057 2458 1104 2500 et
1134 2455 1185 2500 in
1215 2454 1565 2512 Chresponte
1591 2493 1600 2501 .
1628 2492 1637 2500 .
1666 2456 1694 2501 .’

243 2550 376 2594 duxit
407 2550 657 2596 Scriverius

940 2616 988 2664 V

124 2697 259 2769 'Ego
314 2717 434 2752 cum
486 2699 820 2769 meae<met>
873 2699 1017 2753 uitae
1071 2718 1305 2770 parcam,
1358 2701 1526 2753 letum
1579 2700 1805 2754 inimico

1137 2833 1140 2835 ,
1184 2789 1468 2858 deprecer?

247 2887 424 2932 Gellius
456 2889 541 2933 VII
573 2889 668 2946 (VI)
703 2894 772 2945 16,
807 2894 861 2933 10
900 2889 1197 2946 ‘deprecor
1318 2889 1550 2946 significat
1581 2888 1721 2946 abigo
1754 2892 1802 2934 et

218 2969 346 3003 Scaen.
372 2980 471 3010 poes.
495 2971 601 3004 Rom.
627 2971 760 3012 fragm.
787 2972 842 3004 ed.
868 2972 1060 3005 Rmnncx.
1510 2968 1535 3006 3
