1980 3146
181 127 286 178 150
817 124 878 167 M.
910 123 1207 168 Ponvivs

175 260 447 330 Vergilius
486 259 749 328 sequitur,
787 257 912 311 licet
952 258 1112 310 etiam
1151 258 1301 311 illam
1338 253 1620 327 praelibet,
1658 262 1719 311 ut
1757 277 1853 311 suo

177 348 528 401 indicabimus
566 347 720 399 locO.⁹
782 346 932 399 Idem
970 347 1028 399 in
1064 345 1196 399 Aen.
1229 345 1283 399 II
1315 346 1422 399 557
1463 347 1627 400 ‘iacet
1665 348 1853 418 ingens

175 433 332 489 litore
385 435 628 504 truncus]
685 435 829 504 quod
883 438 1062 487 autem
1117 434 1282 487 dicit
1298 435 1516 505 litore,
1575 436 1731 505 illud,
1792 439 1854 488 ut

175 543 333 593 supra
372 524 624 592 diximUS,
664 524 904 616 respicit,
944 523 1086 593 quod
1124 524 1181 576 in
1218 523 1485 576 Pacuuii
1526 525 1854 595 tragoedia

174 612 510 665 continetur?

908 706 1117 752 XXXIV

285 788 499 842 Servius
539 790 595 841 111
634 787 765 842 Α611.
798 787 903 842 VII
935 790 1044 858 320
1085 789 1327 843 ‘Cisseisz
1372 791 1557 861 regina
1594 790 1852 843 Hecuba

172 878 315 930 filia
377 877 666 930 secundum
722 877 1037 946 Euripidem
1093 876 1244 949 (Hec.
1294 877 1351 950 3)
1409 877 1632 948 Cissei,
1695 897 1853 947 quem

172 966 379 1019 Ennius
419 970 472 1019 et
501 965 769 1018 Pacuuius
802 969 855 1018 et
877 965 1151 1037 Vergilius
1181 968 1535 1036 sequuntur.'-
1571 965 1647 1040 Cf.
1681 966 1852 1020 Iliona

611 1104 638 1129 ⁸
790 1154 794 1158 ,
923 1104 1106 1151 XXXV

169 1187 299 1240 Post
347 1206 506 1257 quam
553 1188 828 1240 calamitas
874 1189 1173 1256 complures
1219 1188 1386 1248 annos
1429 1207 1583 1240 aruas
1621 1189 1852 1241 6610113111·

287 1288 407 1332 Non.
435 1292 533 1344 192,
559 1293 615 1332 30
652 1289 815 1332 ‘arua
841 1325 849 1332 .
871 1325 878 1332 .
900 1325 907 1332 .
934 1288 1158 1332 feminino
1186 1326 1193 1332 .
1215 1326 1222 1332 .
1245 1291 1274 1334 .’
1324 1289 1452 1333 Medi
1483 1289 1683 1333 frustum
1707 1304 1850 1346 agno-

172 1361 297 1390 scere
329 1347 446 1390 mihi
476 1346 603 1392 visus
637 1362 753 1392 sum.

287 1425 546 1493 complures
579 1437 806 1494 Berykius
836 1436 992 1493 plures
1025 1455 1060 1481 ω
1090 1450 1173 1493 per
1202 1436 1359 1493 plures
1391 1437 1585 1482 Bothius

193 1622 197 1626 ⁴
881 1533 1111 1609 'XXXVI

165 1644 384 1716 Angues
424 1647 667 1717 ingentes
707 1647 861 1699 alites
900 1645 1073 1698 iuncti
1108 1647 1236 1717 iugo

283 1746 440 1790 Cicero
474 1747 531 1791 de
562 1747 654 1791 inv.
687 1748 708 1790 I
733 1752 801 1804 19,
828 1752 882 1791 27
918 1746 1106 1790 ‘fabula
1138 1749 1230 1803 est,
1263 1747 1313 1790 in
1344 1761 1437 1803 qua
1467 1760 1553 1790 nec
1586 1760 1724 1791 uerae
1758 1760 1844 1791 nec

165 1805 264 1848 ueri
310 1806 485 1850 similes
532 1820 604 1850 res
652 1806 968 1862 continentur,
1017 1806 1279 1850 cuiusmodi
1323 1809 1428 1851 est.
1498 1807 1510 1827 ’
1575 1805 1843 1850 Victorinus

165 1864 346 1921 explan.
386 1865 436 1908 in
474 1866 667 1910 rhetorr.
709 1865 800 1909 Cic.
834 1881 876 1922 p.
912 1870 997 1908 202
1029 1865 1083 1908 Η.
1151 1864 1388 1909 ‘fabulam
1428 1842 1544 1908 dicit
1583 1879 1683 1909 esse
1723 1879 1842 1921 quae

163 1923 282 1966 nihil
319 1923 419 1967 ueri
456 1938 541 1968 nec
580 1924 680 1968 ueri
720 1924 872 1968 simile
904 1924 1134 1981 continet,
1175 1927 1224 1968 et
1255 1925 1339 1969 dat
1369 1924 1651 1981 exemplum·
1693 1924 1844 1967 cuius-

163 1982 291 2026 modi
330 1985 401 2027 est
438 1985 676 2041 angues’
711 1997 749 2028 e.
783 1999 825 2039 q.
860 1998 894 2028 s
957 1983 1058 2027 Huc
1098 1986 1308 2040 spectare
1349 1983 1617 2050 Ciceronem
1657 1984 1714 2026 de
1745 1997 1839 2039 rep

163 2041 227 2084 ΠΙ
259 2047 305 2098 9,
341 2047 397 2086 14
434 2041 668 2086 intellexit
698 2043 751 2087 A.
777 2043 951 2087 Maius:
1004 2044 1143 2086 ‘nunc
1183 2045 1360 2099 autem,
1407 2042 1446 2086 si
1486 2042 1590 2097 quis
1622 2042 1706 2086 illo
1739 2043 1842 2085 Pa-

164 2100 367 2145 cuiano
400 2100 679 2145 inuehens
705 2101 910 2145 alitum
934 2101 1203 2158 anguium
1227 2116 1391 2145 curru
1414 2101 1587 2144 multas
1613 2103 1660 2144 et
1684 2101 1841 2145 uarias

163 2162 325 2215 gentes
358 2154 406 2203 et
436 2161 573 2204 urbes
607 2160 843 2217 despicere
876 2163 923 2204 et
954 2160 1101 2204 oculis
1135 2160 1422 2204 conlustrare
1452 2159 1636 2216 possit?
1685 2161 1843 2216 Augu-

164 2218 339 2262 stinum
370 2219 570 2275 denique
604 2220 794 2300 Soliloq.
827 2221 870 2263 Π
899 2225 963 2276 15,
989 2224 1045 2263 29
1078 2220 1241 2263 eodem
1271 2220 1374 2264 loco
1405 2219 1480 2263 uti
1510 2219 1698 2262 notavit
1733 2219 1843 2262 Otto

165 2277 225 2320 ab
259 2277 445 2322 Osanno
476 2278 719 2324 laudatus:
763 2280 881 2322 ‘non
913 2257 1057 2334 enim,
1091 2293 1196 2322 cum
1228 2277 1401 2322 dicitur
1431 2278 1646 2321 iunctis
1681 2277 1843 2321 aliti-

164 2335 265 2379 bus
314 2337 596 2404 anguibus
643 2338 840 2382 Medea
893 2338 1142 2394 uolasse,
1196 2338 1295 2381 ulla
1351 2351 1407 2381 ex
1451 2339 1585 2394 parte
1631 2351 1703 2380 res
1751 2337 1844 2380 ista

164 2408 326 2438 uerum
355 2395 582 2453 imitatur,
615 2396 787 2463 quippe
820 2410 940 2452 quae
971 2396 1103 2440 nulla
1135 2395 1197 2440 sit
1222 2433 1349 2441 .....
1374 2410 1468 2440 11011
1499 2410 1608 2452 ergo
1636 2396 1841 2439 dicemus

163 2453 283 2496 illud
322 2455 378 2498 de
418 2455 584 2499 Medea
621 2455 777 2500 nescio
817 2456 942 2511 quod
980 2457 1238 2499 monstrum
1276 2455 1448 2499 falsum
1480 2469 1650 2498 6336..
1679 2454 1841 2499 itane

163 2513 357 2556 tandem
388 2528 492 2556 cum
525 2514 664 2558 audio
697 2528 910 2571 angues
942 2514 1208 2570 ingentes
1237 2514 1412 2557 alites
1436 2514 1662 2557 iunctos
1685 2512 1841 2568 iugo,

163 2585 257 2614 non
297 2572 402 2615 dico
440 2573 616 2618 falso?’
680 2573 806 2616 idem
844 2573 976 2630 epist
1003 2574 1089 2617 VH
1113 2578 1140 2615 4
1183 2574 1294 2629 ‘ego
1336 2573 1459 2616 enim
1493 2571 1609 2615 mihi
1639 2574 1693 2613 ut
1724 2546 1841 2614 libet

164 2632 305 2685 atque
344 2633 398 2674 ut
437 2632 637 2676 occurrit
675 2632 853 2687 animo,
886 2634 1071 2676 Aeneae
1103 2631 1274 2675 faciem
1304 2631 1450 2698 fingo,
1491 2644 1578 2687 ego
1610 2630 1840 2673 Medeae

165 2702 284 2731 cum
331 2689 447 2732 suis
496 2691 780 2748 anguibus
829 2691 1074 2734 alitibus
1119 2690 1335 2733 iunctis
1374 2690 1537 2746 iugo,
1575 2702 1661 2744 ego
1703 2687 1840 2731 Chr-e

163 2747 299 2790 metis
347 2751 394 2792 et
440 2749 638 2793 alicuius
685 2749 1022 2794 Parmenonis.
1094 2749 1297 2793 Confess.
1339 2748 1403 2791 III
1442 2753 1467 2791 6
1519 2747 1840 2790 ‘uolantem

165 2808 322 2848 autem
351 2807 604 2851 Medeam
635 2808 724 2852 etsi
749 2808 1013 2863 cantabam,
1044 2822 1138 2851 non
1163 2807 1439 2860 asserebam,
1473 2808 1520 2848 et
1546 2805 1585 2848 si
1610 2807 1838 2849 cantari

166 2863 485 2921 audiebam,
525 2881 619 2910 non
651 2867 928 2911 credebam?
992 2867 1168 2909 Eodem
1197 2864 1357 2908 referri
1386 2866 1582 2919 possunt
1613 2865 1837 2907 Varronis

164 2934 187 2963 e
220 2922 477 2978 Marcipore
518 2928 676 2968 satura
717 2925 784 2982 (fr.
813 2931 899 2968 284
922 2925 991 2980 B.)
1032 2924 1156 2980 apud
1192 2923 1309 2966 Non.
1336 2927 1442 2978 451,
1469 2927 1522 2965 16
1566 2923 1697 2966 ‘dixe
1737 2923 1837 2980 regi
