<?xml version="1.0" encoding="UTF-8"?>
<!DOCTYPE html PUBLIC "-//W3C//DTD XHTML 1.0 Transitional//EN"
    "http://www.w3.org/TR/xhtml1/DTD/xhtml1-transitional.dtd">
<html xmlns="http://www.w3.org/1999/xhtml" xml:lang="en" lang="en">
 <head>
  <title>
</title>
<meta http-equiv="Content-Type" content="text/html;charset=utf-8" />
  <meta name='ocr-system' content='tesseract 3.04.00' />
  <meta name='ocr-capabilities' content='ocr_page ocr_carea ocr_par ocr_line ocrx_word'/>
</head>
<body>
  <div class='ocr_page' id='page_1' title='image "./fragscaenicaeromr01ribbuoft/fragscaenicaeromr01ribbuoft_0257.png"; bbox 0 0 1980 3146; ppageno 0'>
   <div class='ocr_carea' id='block_1_1' title="bbox 817 56 1817 157">
    <p class='ocr_par' dir='ltr' id='par_1_1' title="bbox 817 56 1817 157">
     <span class='ocr_line' id='line_1_1' title="bbox 817 56 1817 157; baseline 0.01 -10"><span class='ocrx_word' id='word_1_1' title='bbox 817 104 866 149; x_wconf 85' lang='lat' dir='ltr'>L.</span> <span class='ocrx_word' id='word_1_2' title='bbox 900 56 1109 149; x_wconf 73' lang='lat' dir='ltr'>Accws</span> <span class='ocrx_word' id='word_1_3' title='bbox 1701 105 1817 157; x_wconf 78' lang='lat'>245</span> 
     </span>
    </p>
   </div>
   <div class='ocr_carea' id='block_1_2' title="bbox 250 236 1609 590">
    <p class='ocr_par' dir='ltr' id='par_1_2' title="bbox 250 236 1609 590">
     <span class='ocr_line' id='line_1_2' title="bbox 250 236 1609 309; baseline -0.001 -27"><span class='ocrx_word' id='word_1_4' title='bbox 250 237 499 282; x_wconf 76' lang='lat' dir='ltr'>Translata</span> <span class='ocrx_word' id='word_1_5' title='bbox 532 240 640 281; x_wconf 89' lang='lat' dir='ltr'>sunt</span> <span class='ocrx_word' id='word_1_6' title='bbox 671 251 726 282; x_wconf 85' lang='lat' dir='ltr'>ex</span> <span class='ocrx_word' id='word_1_7' title='bbox 756 237 993 294; x_wconf 80' lang='lat' dir='ltr'>Euripidis</span> <span class='ocrx_word' id='word_1_8' title='bbox 1023 237 1194 282; x_wconf 88' lang='lat' dir='ltr'>Phoen.</span> <span class='ocrx_word' id='word_1_9' title='bbox 1212 236 1424 309; x_wconf 87' lang='lat' dir='ltr'>prologo</span> <span class='ocrx_word' id='word_1_10' title='bbox 1455 239 1514 294; x_wconf 84' lang='lat' dir='ltr'>(v.</span> <span class='ocrx_word' id='word_1_11' title='bbox 1543 239 1609 294; x_wconf 91' lang='grc'>1)·</span> 
     </span>
     <span class='ocr_line' id='line_1_3' title="bbox 456 292 1495 354; baseline 0 -14"><span class='ocrx_word' id='word_1_12' title='bbox 456 292 491 340; x_wconf 85' lang='grc' dir='ltr'>ὦ</span> <span class='ocrx_word' id='word_1_13' title='bbox 523 296 607 352; x_wconf 88' lang='grc' dir='ltr'>τὴν</span> <span class='ocrx_word' id='word_1_14' title='bbox 640 296 691 341; x_wconf 79' lang='grc' dir='ltr'>ἐν</span> <span class='ocrx_word' id='word_1_15' title='bbox 723 296 906 353; x_wconf 78' lang='grc' dir='ltr'><strong><em>ἄστροις</em></strong></span> <span class='ocrx_word' id='word_1_16' title='bbox 938 298 1142 352; x_wconf 81' lang='grc' dir='ltr'><strong><em>ουρανοῦ</em></strong></span> <span class='ocrx_word' id='word_1_17' title='bbox 1173 294 1350 354; x_wconf 80' lang='grc' dir='ltr'><strong><em>τέμνων</em></strong></span> <span class='ocrx_word' id='word_1_18' title='bbox 1382 295 1495 341; x_wconf 82' lang='grc' dir='ltr'><strong><em>ὁδὸν</em></strong></span> 
     </span>
     <span class='ocr_line' id='line_1_4' title="bbox 456 351 1459 472; baseline 0.001 -74"><span class='ocrx_word' id='word_1_19' title='bbox 456 357 536 399; x_wconf 79' lang='grc' dir='ltr'>καὶ</span> <span class='ocrx_word' id='word_1_20' title='bbox 568 355 1000 432; x_wconf 80' lang='grc' dir='ltr'><strong><em>χρυσοκολλήτοισιν</em></strong></span> <span class='ocrx_word' id='word_1_21' title='bbox 1033 351 1233 431; x_wconf 48' lang='grc' dir='ltr'><em>ἐμβεβὼς</em></span> <span class='ocrx_word' id='word_1_22' title='bbox 1264 353 1459 472; x_wconf 61' lang='grc' dir='ltr'><strong><em>δίφὲοις</em></strong></span> 
     </span>
     <span class='ocr_line' id='line_1_5' title="bbox 446 412 1347 471; baseline 0 -13"><span class='ocrx_word' id='word_1_23' title='bbox 446 412 595 470; x_wconf 57' lang='grc' dir='ltr'><strong><em>’Ήλιε,</em></strong></span> <span class='ocrx_word' id='word_1_24' title='bbox 627 418 769 467; x_wconf 79' lang='grc' dir='ltr'><strong><em>θοαῖς</em></strong></span> <span class='ocrx_word' id='word_1_25' title='bbox 802 413 1014 459; x_wconf 83' lang='grc' dir='ltr'><strong><em>ιπποισιν</em></strong></span> <span class='ocrx_word' id='word_1_26' title='bbox 1047 412 1253 459; x_wconf 80' lang='grc' dir='ltr'><strong><em>εἱλίσσων</em></strong></span> <span class='ocrx_word' id='word_1_27' title='bbox 1285 418 1347 471; x_wconf 86' lang='grc' dir='ltr'>φλ</span> 
     </span>
     <span class='ocr_line' id='line_1_6' title="bbox 459 431 1403 549; baseline -0.001 -31"><span class='ocrx_word' id='word_1_28' title='bbox 459 475 519 526; x_wconf 83' lang='grc' dir='ltr'>ὡς</span> <span class='ocrx_word' id='word_1_29' title='bbox 550 476 752 549; x_wconf 84' lang='grc' dir='ltr'><strong><em>δυστυχῆ</em></strong></span> <span class='ocrx_word' id='word_1_30' title='bbox 787 473 988 533; x_wconf 81' lang='grc' dir='ltr'><strong><em>Θήβαισι</em></strong></span> <span class='ocrx_word' id='word_1_31' title='bbox 1018 481 1073 532; x_wconf 83' lang='grc' dir='ltr'>τῇ</span> <span class='ocrx_word' id='word_1_32' title='bbox 1104 471 1214 518; x_wconf 78' lang='grc' dir='ltr'><strong><em>τόθ’</em></strong></span> <span class='ocrx_word' id='word_1_33' title='bbox 1250 431 1403 534; x_wconf 79' lang='grc' dir='ltr'><strong><em>ἡμέρᾳ</em></strong></span> 
     </span>
     <span class='ocr_line' id='line_1_7' title="bbox 457 529 1025 590; baseline -0.002 -13"><span class='ocrx_word' id='word_1_34' title='bbox 457 532 610 578; x_wconf 78' lang='grc' dir='ltr'><strong><em>ἀκτῖν’</em></strong></span> <span class='ocrx_word' id='word_1_35' title='bbox 647 529 827 590; x_wconf 73' lang='grc' dir='ltr'><em>ἐφῆκας</em></span> <span class='ocrx_word' id='word_1_36' title='bbox 858 550 899 578; x_wconf 79' lang='grc' dir='ltr'>κ,</span> <span class='ocrx_word' id='word_1_37' title='bbox 924 549 963 577; x_wconf 93' lang='grc' dir='ltr'>τ.</span> <span class='ocrx_word' id='word_1_38' title='bbox 988 536 1025 577; x_wconf 94' lang='grc' dir='ltr'>λ.</span> 
     </span>
    </p>
   </div>
   <div class='ocr_carea' id='block_1_3' title="bbox 132 620 1821 976">
    <p class='ocr_par' dir='ltr' id='par_1_3' title="bbox 132 620 1821 974">
     <span class='ocr_line' id='line_1_8' title="bbox 253 620 1818 666; baseline 0 -1"><span class='ocrx_word' id='word_1_39' title='bbox 253 627 276 665; x_wconf 92' lang='grc'>1</span> <span class='ocrx_word' id='word_1_40' title='bbox 317 621 569 665; x_wconf 76' lang='lat' dir='ltr'>micantem</span> <span class='ocrx_word' id='word_1_41' title='bbox 608 620 808 665; x_wconf 90' lang='lat' dir='ltr'>candido</span> <span class='ocrx_word' id='word_1_42' title='bbox 848 635 984 664; x_wconf 86' lang='lat' dir='ltr'>curru</span> <span class='ocrx_word' id='word_1_43' title='bbox 1015 620 1287 666; x_wconf 71' lang='lat' dir='ltr'>Priscianus</span> <span class='ocrx_word' id='word_1_44' title='bbox 1326 620 1604 665; x_wconf 89' lang='lat' dir='ltr'>candentem</span> <span class='ocrx_word' id='word_1_45' title='bbox 1634 620 1818 665; x_wconf 89' lang='lat' dir='ltr'>feruido</span> 
     </span>
     <span class='ocr_line' id='line_1_9' title="bbox 134 678 1820 737; baseline 0 -12"><span class='ocrx_word' id='word_1_46' title='bbox 134 695 270 725; x_wconf 83' lang='lat' dir='ltr'>cursu</span> <span class='ocrx_word' id='word_1_47' title='bbox 294 682 533 737; x_wconf 74' lang='lat' dir='ltr'>Apuleius,</span> <span class='ocrx_word' id='word_1_48' title='bbox 564 682 658 724; x_wconf 83' lang='lat' dir='ltr'>nisi</span> <span class='ocrx_word' id='word_1_49' title='bbox 689 681 808 737; x_wconf 77' lang='lat' dir='ltr'>qnod</span> <span class='ocrx_word' id='word_1_50' title='bbox 836 678 1138 736; x_wconf 78' lang='lat' dir='ltr'>punicantem</span> <span class='ocrx_word' id='word_1_51' title='bbox 1169 679 1200 723; x_wconf 90' lang='lat' dir='ltr'>f.</span> <span class='ocrx_word' id='word_1_52' title='bbox 1234 694 1271 724; x_wconf 90' lang='lat' dir='ltr'>c.</span> <span class='ocrx_word' id='word_1_53' title='bbox 1298 681 1509 736; x_wconf 79' lang='lat' dir='ltr'>antiquos</span> <span class='ocrx_word' id='word_1_54' title='bbox 1532 682 1625 735; x_wconf 78' lang='lat' dir='ltr'>fere</span> <span class='ocrx_word' id='word_1_55' title='bbox 1649 682 1820 726; x_wconf 83' lang='lat' dir='ltr'>codices</span> 
     </span>
     <span class='ocr_line' id='line_1_10' title="bbox 132 738 1820 794; baseline 0 -9"><span class='ocrx_word' id='word_1_56' title='bbox 132 742 291 785; x_wconf 78' lang='lat' dir='ltr'>habere</span> <span class='ocrx_word' id='word_1_57' title='bbox 345 745 536 785; x_wconf 78' lang='lat' dir='ltr'>testatur</span> <span class='ocrx_word' id='word_1_58' title='bbox 588 740 879 784; x_wconf 77' lang='lat' dir='ltr'>Beeiehemus</span> <span class='ocrx_word' id='word_1_59' title='bbox 929 747 932 750; x_wconf 82' lang='grc'><strong>’</strong></span> <span class='ocrx_word' id='word_1_60' title='bbox 998 743 1025 782; x_wconf 89' lang='lat'><strong>3</strong></span> <span class='ocrx_word' id='word_1_61' title='bbox 1066 738 1278 794; x_wconf 90' lang='lat' dir='ltr'>quianim</span> <span class='ocrx_word' id='word_1_62' title='bbox 1317 740 1417 783; x_wconf 84' lang='lat' dir='ltr'>Vat.</span> <span class='ocrx_word' id='word_1_63' title='bbox 1540 738 1693 783; x_wconf 87' lang='lat' dir='ltr'>omine</span> <span class='ocrx_word' id='word_1_64' title='bbox 1747 740 1820 785; x_wconf 78' lang='lat' dir='ltr'>hic</span> 
     </span>
     <span class='ocr_line' id='line_1_11' title="bbox 133 798 1736 855; baseline -0.001 -11"><span class='ocrx_word' id='word_1_65' title='bbox 133 801 345 845; x_wconf 80' lang='lat' dir='ltr'>omissum</span> <span class='ocrx_word' id='word_1_66' title='bbox 391 814 429 844; x_wconf 78' lang='lat' dir='ltr'>v.</span> <span class='ocrx_word' id='word_1_67' title='bbox 462 804 491 842; x_wconf 99' lang='lat'>4</span> <span class='ocrx_word' id='word_1_68' title='bbox 530 804 636 855; x_wconf 76' lang='lat' dir='ltr'>post</span> <span class='ocrx_word' id='word_1_69' title='bbox 680 800 815 841; x_wconf 91' lang='lat' dir='ltr'>tuum</span> <span class='ocrx_word' id='word_1_70' title='bbox 858 799 1021 843; x_wconf 83' lang='lat' dir='ltr'>habent</span> <span class='ocrx_word' id='word_1_71' title='bbox 1064 798 1199 843; x_wconf 78' lang='lat' dir='ltr'>Parr.</span> <span class='ocrx_word' id='word_1_72' title='bbox 1239 798 1341 843; x_wconf 81' lang='lat' dir='ltr'>AR</span> <span class='ocrx_word' id='word_1_73' title='bbox 1380 798 1479 842; x_wconf 86' lang='lat' dir='ltr'>Vat.</span> <span class='ocrx_word' id='word_1_74' title='bbox 1519 798 1649 843; x_wconf 84' lang='lat' dir='ltr'>Leid.</span> <span class='ocrx_word' id='word_1_75' title='bbox 1691 799 1736 843; x_wconf 90' lang='lat' dir='ltr'><strong><em>V</em></strong></span> 
     </span>
     <span class='ocr_line' id='line_1_12' title="bbox 133 856 1821 918; baseline 0 -16"><span class='ocrx_word' id='word_1_76' title='bbox 133 864 162 902; x_wconf 91' lang='lat'>4</span> <span class='ocrx_word' id='word_1_77' title='bbox 201 860 410 902; x_wconf 76' lang='lat' dir='ltr'>ostentas</span> <span class='ocrx_word' id='word_1_78' title='bbox 449 858 671 902; x_wconf 74' lang='lat' dir='ltr'>Heinsius</span> <span class='ocrx_word' id='word_1_79' title='bbox 717 859 953 901; x_wconf 86' lang='lat' dir='ltr'>ostentum</span> <span class='ocrx_word' id='word_1_80' title='bbox 991 874 1047 914; x_wconf 86' lang='grc' dir='ltr'>ω,</span> <span class='ocrx_word' id='word_1_81' title='bbox 1089 857 1319 918; x_wconf 72' lang='lat' dir='ltr'>Berykins</span> <span class='ocrx_word' id='word_1_82' title='bbox 1358 856 1565 900; x_wconf 88' lang='lat' dir='ltr'>ostendis</span> <span class='ocrx_word' id='word_1_83' title='bbox 1603 858 1821 902; x_wconf 76' lang='lat' dir='ltr'>editiones</span> 
     </span>
     <span class='ocr_line' id='line_1_13' title="bbox 136 916 877 976; baseline -0.003 -13"><span class='ocrx_word' id='word_1_84' title='bbox 136 919 434 976; x_wconf 74' lang='lat' dir='ltr'>interpolatae</span> <span class='ocrx_word' id='word_1_85' title='bbox 465 916 662 961; x_wconf 88' lang='lat' dir='ltr'>ostensti</span> <span class='ocrx_word' id='word_1_86' title='bbox 695 917 877 962; x_wconf 77' lang='lat' dir='ltr'>Vossius</span> 
     </span>
    </p>
   </div>
   <div class='ocr_carea' id='block_1_4' title="bbox 134 1027 1907 1268">
    <p class='ocr_par' dir='ltr' id='par_1_4' title="bbox 134 1027 1907 1268">
     <span class='ocr_line' id='line_1_14' title="bbox 944 1027 996 1074; baseline 0 0"><span class='ocrx_word' id='word_1_87' title='bbox 944 1027 996 1074; x_wconf 95' lang='lat' dir='ltr'>II</span> 
     </span>
     <span class='ocr_line' id='line_1_15' title="bbox 134 1110 1907 1182; baseline -0.001 -18"><span class='ocrx_word' id='word_1_88' title='bbox 134 1111 219 1164; x_wconf 89' lang='lat' dir='ltr'>Ibi</span> <span class='ocrx_word' id='word_1_89' title='bbox 257 1112 360 1182; x_wconf 77' lang='lat' dir='ltr'>fas,</span> <span class='ocrx_word' id='word_1_90' title='bbox 399 1111 476 1163; x_wconf 90' lang='lat' dir='ltr'>ibi</span> <span class='ocrx_word' id='word_1_91' title='bbox 515 1114 760 1163; x_wconf 78' lang='lat' dir='ltr'>cunctam</span> <span class='ocrx_word' id='word_1_92' title='bbox 800 1110 1076 1180; x_wconf 80' lang='lat' dir='ltr'>antiquam</span> <span class='ocrx_word' id='word_1_93' title='bbox 1115 1110 1491 1163; x_wconf 76' lang='lat' dir='ltr'>castitlidinem</span> <span class='ocrx_word' id='word_1_94' title='bbox 1756 1159 1759 1162; x_wconf 82' lang='grc'><em>.</em></span> <span class='ocrx_word' id='word_1_95' title='bbox 1821 1123 1907 1163; x_wconf 87' lang='grc'>585</span> 
     </span>
     <span class='ocr_line' id='line_1_16' title="bbox 252 1196 1435 1268; baseline -0.001 -12"><span class='ocrx_word' id='word_1_96' title='bbox 252 1213 371 1256; x_wconf 89' lang='lat' dir='ltr'>Non.</span> <span class='ocrx_word' id='word_1_97' title='bbox 404 1217 475 1268; x_wconf 89' lang='lat'>85,</span> <span class='ocrx_word' id='word_1_98' title='bbox 502 1216 557 1255; x_wconf 94' lang='grc'>10</span> <span class='ocrx_word' id='word_1_99' title='bbox 592 1211 1033 1256; x_wconf 84' lang='lat' dir='ltr'>‘castitudinem</span> <span class='ocrx_word' id='word_1_100' title='bbox 1062 1226 1146 1268; x_wconf 88' lang='lat' dir='ltr'>pro</span> <span class='ocrx_word' id='word_1_101' title='bbox 1179 1196 1435 1256; x_wconf 88' lang='lat' dir='ltr'>castitate.&#39;</span> 
     </span>
    </p>
   </div>
   <div class='ocr_carea' id='block_1_5' title="bbox 133 1353 1240 1506">
    <p class='ocr_par' dir='ltr' id='par_1_5' title="bbox 133 1353 1227 1506">
     <span class='ocr_line' id='line_1_17' title="bbox 938 1353 1016 1400; baseline 0.013 -1"><span class='ocrx_word' id='word_1_102' title='bbox 938 1353 1016 1400; x_wconf 93' lang='lat' dir='ltr'>III</span> 
     </span>
     <span class='ocr_line' id='line_1_18' title="bbox 133 1435 1240 1506; baseline -0.002 -16"><span class='ocrx_word' id='word_1_103' title='bbox 133 1436 605 1505; x_wconf 82' lang='lat' dir='ltr'>Vicissitatemque</span> <span class='ocrx_word' id='word_1_104' title='bbox 642 1435 966 1506; x_wconf 79' lang='lat' dir='ltr'>inperitandi</span> <span class='ocrx_word' id='word_1_105' title='bbox 1005 1436 1240 1489; x_wconf 85' lang='lat' dir='ltr'>tradidit</span> 
     </span>
    </p>
   </div>
   <div class='ocr_carea' id='block_1_6' title="bbox 254 1501 1549 1594">
    <p class='ocr_par' dir='ltr' id='par_1_6' title="bbox 254 1501 1549 1594">
     <span class='ocr_line' id='line_1_19' title="bbox 254 1501 1549 1594; baseline -0.001 -12"><span class='ocrx_word' id='word_1_106' title='bbox 254 1537 372 1582; x_wconf 87' lang='lat' dir='ltr'>Non.</span> <span class='ocrx_word' id='word_1_107' title='bbox 408 1541 590 1593; x_wconf 87' lang='lat'>185,18</span> <span class='ocrx_word' id='word_1_108' title='bbox 630 1537 1046 1581; x_wconf 85' lang='lat' dir='ltr'>‘uicissitatem</span> <span class='ocrx_word' id='word_1_109' title='bbox 1075 1551 1160 1594; x_wconf 85' lang='lat' dir='ltr'>pro</span> <span class='ocrx_word' id='word_1_110' title='bbox 1190 1501 1549 1581; x_wconf 58' lang='lat' dir='ltr'>uicissitudine?</span> 
     </span>
    </p>
   </div>
   <div class='ocr_carea' id='block_1_7' title="bbox 135 1677 1445 1991">
    <p class='ocr_par' dir='ltr' id='par_1_7' title="bbox 135 1677 1445 1991">
     <span class='ocr_line' id='line_1_20' title="bbox 936 1677 1011 1725; baseline 0 0"><span class='ocrx_word' id='word_1_111' title='bbox 936 1677 1011 1725; x_wconf 87' lang='lat' dir='ltr'>IV</span> 
     </span>
     <span class='ocr_line' id='line_1_21' title="bbox 135 1756 1445 1831; baseline -0.002 -15"><span class='ocrx_word' id='word_1_112' title='bbox 135 1761 219 1816; x_wconf 87' lang='lat' dir='ltr'>Ne</span> <span class='ocrx_word' id='word_1_113' title='bbox 258 1761 452 1814; x_wconf 71' lang='lat' dir='ltr'>horum</span> <span class='ocrx_word' id='word_1_114' title='bbox 493 1761 784 1814; x_wconf 82' lang='lat' dir='ltr'>discordiae</span> <span class='ocrx_word' id='word_1_115' title='bbox 823 1763 877 1814; x_wconf 91' lang='lat' dir='ltr'>et</span> <span class='ocrx_word' id='word_1_116' title='bbox 916 1756 1146 1815; x_wconf 88' lang='lat' dir='ltr'>diuidiae</span> <span class='ocrx_word' id='word_1_117' title='bbox 1186 1761 1445 1831; x_wconf 76' lang='lat' dir='ltr'>dissipent</span> 
     </span>
     <span class='ocr_line' id='line_1_22' title="bbox 136 1850 1391 1946; baseline -0.001 -44"><span class='ocrx_word' id='word_1_118' title='bbox 136 1850 456 1902; x_wconf 73' lang='lat' dir='ltr'>Disturbent</span> <span class='ocrx_word' id='word_1_119' title='bbox 492 1853 669 1902; x_wconf 87' lang='lat' dir='ltr'>tantas</span> <span class='ocrx_word' id='word_1_120' title='bbox 708 1851 762 1902; x_wconf 72' lang='lat' dir='ltr'>et</span> <span class='ocrx_word' id='word_1_121' title='bbox 799 1853 910 1902; x_wconf 87' lang='lat' dir='ltr'>tam</span> <span class='ocrx_word' id='word_1_122' title='bbox 949 1851 1153 1946; x_wconf 86' lang='lat' dir='ltr'>opimas</span> <span class='ocrx_word' id='word_1_123' title='bbox 1192 1850 1391 1903; x_wconf 79' lang='lat' dir='ltr'>ciuium</span> 
     </span>
     <span class='ocr_line' id='line_1_23' title="bbox 135 1938 371 1991; baseline 0 0"><span class='ocrx_word' id='word_1_124' title='bbox 135 1938 371 1991; x_wconf 77' lang='lat' dir='ltr'>Diuitias</span> 
     </span>
    </p>
   </div>
   <div class='ocr_carea' id='block_1_8' title="bbox 136 2037 1820 2156">
    <p class='ocr_par' dir='ltr' id='par_1_8' title="bbox 136 2037 1820 2156">
     <span class='ocr_line' id='line_1_24' title="bbox 164 2037 1820 2156; baseline -0.001 -73"><span class='ocrx_word' id='word_1_125' title='bbox 164 2099 206 2143; x_wconf 72' lang='lat' dir='ltr'>d</span> <span class='ocrx_word' id='word_1_126' title='bbox 242 2039 374 2156; x_wconf 50' lang='grc' dir='ltr'>1ΝΞΞΞ).</span> <span class='ocrx_word' id='word_1_127' title='bbox 416 2045 612 2096; x_wconf 85' lang='grc'>101,19</span> <span class='ocrx_word' id='word_1_128' title='bbox 672 2039 953 2095; x_wconf 84' lang='lat' dir='ltr'>‘diuidae,</span> <span class='ocrx_word' id='word_1_129' title='bbox 1012 2042 1066 2084; x_wconf 88' lang='lat' dir='ltr'>ut</span> <span class='ocrx_word' id='word_1_130' title='bbox 1116 2039 1465 2084; x_wconf 59' lang='lat' dir='ltr'>dissensiones?</span> <span class='ocrx_word' id='word_1_131' title='bbox 1541 2037 1820 2095; x_wconf 85' lang='lat' dir='ltr'>(diuidiae</span> 
     </span>
     <span class='ocr_line' id='line_1_25' title="bbox 136 2105 296 2143; baseline 0 0"><span class='ocrx_word' id='word_1_132' title='bbox 136 2112 160 2143; x_wconf 86' lang='lat' dir='ltr'>e</span> <span class='ocrx_word' id='word_1_133' title='bbox 271 2105 296 2143; x_wconf 83' lang='lat'>5</span> 
     </span>
    </p>
   </div>
   <div class='ocr_carea' id='block_1_9' title="bbox 139 2185 1823 2430">
    <p class='ocr_par' dir='ltr' id='par_1_9' title="bbox 139 2185 1823 2422">
     <span class='ocr_line' id='line_1_26' title="bbox 260 2185 1823 2244; baseline 0.001 -14"><span class='ocrx_word' id='word_1_134' title='bbox 260 2193 355 2244; x_wconf 79' lang='lat' dir='ltr'>lsq.</span> <span class='ocrx_word' id='word_1_135' title='bbox 381 2187 444 2232; x_wconf 82' lang='lat' dir='ltr'>ad</span> <span class='ocrx_word' id='word_1_136' title='bbox 465 2188 666 2232; x_wconf 81' lang='lat' dir='ltr'>senarios</span> <span class='ocrx_word' id='word_1_137' title='bbox 682 2187 844 2231; x_wconf 85' lang='lat' dir='ltr'>Bothii</span> <span class='ocrx_word' id='word_1_138' title='bbox 865 2189 984 2232; x_wconf 80' lang='lat' dir='ltr'>redii</span> <span class='ocrx_word' id='word_1_139' title='bbox 1075 2192 1098 2230; x_wconf 92' lang='lat'>1</span> <span class='ocrx_word' id='word_1_140' title='bbox 1123 2200 1317 2230; x_wconf 89' lang='lat' dir='ltr'>neorum</span> <span class='ocrx_word' id='word_1_141' title='bbox 1332 2185 1484 2230; x_wconf 87' lang='lat' dir='ltr'>BaL¹</span> <span class='ocrx_word' id='word_1_142' title='bbox 1508 2198 1666 2229; x_wconf 87' lang='lat' dir='ltr'>eorum</span> <span class='ocrx_word' id='word_1_143' title='bbox 1683 2186 1823 2232; x_wconf 85' lang='lat' dir='ltr'>Mon—</span> 
     </span>
     <span class='ocr_line' id='line_1_27' title="bbox 139 2243 1822 2312; baseline 0.001 -22"><span class='ocrx_word' id='word_1_144' title='bbox 139 2248 241 2302; x_wconf 79' lang='lat' dir='ltr'>tisp.</span> <span class='ocrx_word' id='word_1_145' title='bbox 281 2261 338 2290; x_wconf 87' lang='lat' dir='ltr'>m.</span> <span class='ocrx_word' id='word_1_146' title='bbox 370 2251 393 2288; x_wconf 89' lang='lat'>1</span> <span class='ocrx_word' id='word_1_147' title='bbox 433 2259 492 2289; x_wconf 89' lang='lat' dir='ltr'>ne</span> <span class='ocrx_word' id='word_1_148' title='bbox 532 2259 691 2289; x_wconf 89' lang='lat' dir='ltr'>eorum</span> <span class='ocrx_word' id='word_1_149' title='bbox 722 2245 925 2312; x_wconf 77' lang='lat' dir='ltr'>Scaliyer</span> <span class='ocrx_word' id='word_1_150' title='bbox 1014 2244 1274 2289; x_wconf 85' lang='lat' dir='ltr'>discordiae</span> <span class='ocrx_word' id='word_1_151' title='bbox 1306 2247 1354 2289; x_wconf 90' lang='lat' dir='ltr'>et</span> <span class='ocrx_word' id='word_1_152' title='bbox 1385 2243 1593 2288; x_wconf 87' lang='lat' dir='ltr'>diuidiae</span> <span class='ocrx_word' id='word_1_153' title='bbox 1623 2245 1822 2291; x_wconf 76' lang='lat' dir='ltr'>Bothins</span> 
     </span>
     <span class='ocr_line' id='line_1_28' title="bbox 142 2303 1820 2361; baseline 0.001 -14"><span class='ocrx_word' id='word_1_154' title='bbox 142 2304 332 2348; x_wconf 89' lang='lat' dir='ltr'>diuidae</span> <span class='ocrx_word' id='word_1_155' title='bbox 365 2306 412 2347; x_wconf 88' lang='lat' dir='ltr'>et</span> <span class='ocrx_word' id='word_1_156' title='bbox 443 2303 702 2348; x_wconf 85' lang='lat' dir='ltr'>discordiae</span> <span class='ocrx_word' id='word_1_157' title='bbox 734 2322 769 2348; x_wconf 90' lang='grc' dir='ltr'><em>ω</em></span> <span class='ocrx_word' id='word_1_158' title='bbox 804 2304 1011 2348; x_wconf 89' lang='lat' dir='ltr'>diuidiae</span> <span class='ocrx_word' id='word_1_159' title='bbox 1044 2303 1303 2348; x_wconf 89' lang='lat' dir='ltr'>discordiae</span> <span class='ocrx_word' id='word_1_160' title='bbox 1337 2303 1654 2349; x_wconf 81' lang='lat' dir='ltr'>Fleckeisenns</span> <span class='ocrx_word' id='word_1_161' title='bbox 1683 2311 1820 2361; x_wconf 74' lang='lat' dir='ltr'>septe-</span> 
     </span>
     <span class='ocr_line' id='line_1_29' title="bbox 139 2361 1823 2430; baseline 0.001 -23"><span class='ocrx_word' id='word_1_162' title='bbox 139 2365 297 2408; x_wconf 84' lang='lat' dir='ltr'>narios</span> <span class='ocrx_word' id='word_1_163' title='bbox 328 2364 562 2408; x_wconf 80' lang='lat' dir='ltr'>dimetiens</span> <span class='ocrx_word' id='word_1_164' title='bbox 593 2362 783 2407; x_wconf 91' lang='lat' dir='ltr'>diuidae</span> <span class='ocrx_word' id='word_1_165' title='bbox 820 2362 1080 2429; x_wconf 78' lang='lat' dir='ltr'>discordiae</span> <span class='ocrx_word' id='word_1_166' title='bbox 1111 2378 1145 2408; x_wconf 72' lang='grc' dir='ltr'>α,-</span> <span class='ocrx_word' id='word_1_167' title='bbox 1263 2368 1289 2406; x_wconf 82' lang='lat'>2</span> <span class='ocrx_word' id='word_1_168' title='bbox 1324 2361 1589 2410; x_wconf 89' lang='lat' dir='ltr'>disturbent</span> <span class='ocrx_word' id='word_1_169' title='bbox 1619 2362 1823 2430; x_wconf 74' lang='lat' dir='ltr'>Scaliqer</span> 
     </span>
    </p>
   </div>
   <div class='ocr_carea' id='block_1_10' title="bbox 137 2421 1821 2538">
    <p class='ocr_par' dir='ltr' id='par_1_10' title="bbox 137 2421 1821 2538">
     <span class='ocr_line' id='line_1_30' title="bbox 137 2421 1821 2480; baseline 0 -14"><span class='ocrx_word' id='word_1_170' title='bbox 137 2425 188 2466; x_wconf 81' lang='lat' dir='ltr'>et</span> <span class='ocrx_word' id='word_1_171' title='bbox 219 2421 485 2466; x_wconf 89' lang='lat' dir='ltr'>disturbent</span> <span class='ocrx_word' id='word_1_172' title='bbox 514 2439 548 2465; x_wconf 89' lang='grc' dir='ltr'><em>ω</em></span> <span class='ocrx_word' id='word_1_173' title='bbox 639 2424 737 2465; x_wconf 88' lang='lat' dir='ltr'>tam</span> <span class='ocrx_word' id='word_1_174' title='bbox 770 2421 949 2479; x_wconf 86' lang='lat' dir='ltr'>opimas</span> <span class='ocrx_word' id='word_1_175' title='bbox 977 2437 1055 2467; x_wconf 85' lang='lat' dir='ltr'>ms.</span> <span class='ocrx_word' id='word_1_176' title='bbox 1083 2422 1244 2476; x_wconf 81' lang='lat' dir='ltr'>Fabri,</span> <span class='ocrx_word' id='word_1_177' title='bbox 1269 2421 1471 2480; x_wconf 75' lang='lat' dir='ltr'>Scaliyer</span> <span class='ocrx_word' id='word_1_178' title='bbox 1499 2421 1595 2466; x_wconf 88' lang='lat' dir='ltr'>iam</span> <span class='ocrx_word' id='word_1_179' title='bbox 1619 2421 1821 2478; x_wconf 84' lang='lat' dir='ltr'>optimas</span> 
     </span>
     <span class='ocr_line' id='line_1_31' title="bbox 141 2480 587 2538; baseline 0 -14"><span class='ocrx_word' id='word_1_180' title='bbox 141 2499 176 2538; x_wconf 89' lang='grc' dir='ltr'><strong>φ</strong></span> <span class='ocrx_word' id='word_1_181' title='bbox 267 2480 479 2536; x_wconf 82' lang='lat' dir='ltr'>quinium</span> <span class='ocrx_word' id='word_1_182' title='bbox 509 2481 587 2524; x_wconf 83' lang='lat' dir='ltr'>Ba</span> 
     </span>
    </p>
   </div>
   <div class='ocr_carea' id='block_1_11' title="bbox 143 2574 1972 2729">
    <p class='ocr_par' dir='ltr' id='par_1_11' title="bbox 143 2574 1972 2729">
     <span class='ocr_line' id='line_1_32' title="bbox 957 2574 1004 2621; baseline 0 -41"><span class='ocrx_word' id='word_1_183' title='bbox 957 2574 1004 2621; x_wconf 79' lang='lat' dir='ltr'><strong>V</strong></span> 
     </span>
     <span class='ocr_line' id='line_1_33' title="bbox 143 2659 1972 2729; baseline 0.001 -17"><span class='ocrx_word' id='word_1_184' title='bbox 143 2659 319 2713; x_wconf 73' lang='lat' dir='ltr'>Natus</span> <span class='ocrx_word' id='word_1_185' title='bbox 357 2660 439 2712; x_wconf 92' lang='lat' dir='ltr'>uti</span> <span class='ocrx_word' id='word_1_186' title='bbox 478 2662 607 2716; x_wconf 76' lang='lat' dir='ltr'>tute,</span> <span class='ocrx_word' id='word_1_187' title='bbox 634 2660 902 2728; x_wconf 73' lang='lat' dir='ltr'>sceptrum</span> <span class='ocrx_word' id='word_1_188' title='bbox 940 2662 1215 2727; x_wconf 73' lang='lat' dir='ltr'>poteretur</span> <span class='ocrx_word' id='word_1_189' title='bbox 1251 2659 1422 2729; x_wconf 88' lang='lat' dir='ltr'>patris</span> <span class='ocrx_word' id='word_1_190' title='bbox 1695 2682 1699 2687; x_wconf 93' lang='lat'><em>·</em></span> <span class='ocrx_word' id='word_1_191' title='bbox 1770 2715 1774 2719; x_wconf 77' lang='grc'>,</span> <span class='ocrx_word' id='word_1_192' title='bbox 1823 2665 1915 2713; x_wconf 78' lang='grc'>590</span> <span class='ocrx_word' id='word_1_193' title='bbox 1969 2683 1972 2686; x_wconf 93' lang='grc'><em>·</em></span> 
     </span>
    </p>
   </div>
   <div class='ocr_carea' id='block_1_12' title="bbox 259 2759 1816 2817">
    <p class='ocr_par' dir='ltr' id='par_1_12' title="bbox 259 2759 1816 2817">
     <span class='ocr_line' id='line_1_34' title="bbox 259 2759 1816 2817; baseline 0.001 -14"><span class='ocrx_word' id='word_1_194' title='bbox 259 2760 378 2803; x_wconf 87' lang='lat' dir='ltr'>Non.</span> <span class='ocrx_word' id='word_1_195' title='bbox 403 2765 511 2815; x_wconf 92' lang='lat'>481,</span> <span class='ocrx_word' id='word_1_196' title='bbox 538 2764 594 2803; x_wconf 90' lang='lat'>30</span> <span class='ocrx_word' id='word_1_197' title='bbox 628 2759 712 2802; x_wconf 80' lang='lat' dir='ltr'>‘sic</span> <span class='ocrx_word' id='word_1_198' title='bbox 742 2759 933 2815; x_wconf 89' lang='lat' dir='ltr'>potior</span> <span class='ocrx_word' id='word_1_199' title='bbox 963 2759 1096 2803; x_wconf 88' lang='lat' dir='ltr'>illam</span> <span class='ocrx_word' id='word_1_200' title='bbox 1126 2773 1223 2803; x_wconf 88' lang='lat' dir='ltr'>rem</span> <span class='ocrx_word' id='word_1_201' title='bbox 1245 2773 1329 2816; x_wconf 92' lang='lat' dir='ltr'>pro</span> <span class='ocrx_word' id='word_1_202' title='bbox 1357 2759 1442 2803; x_wconf 91' lang='lat' dir='ltr'>illa</span> <span class='ocrx_word' id='word_1_203' title='bbox 1466 2774 1514 2803; x_wconf 90' lang='lat' dir='ltr'>re</span> <span class='ocrx_word' id='word_1_204' title='bbox 1538 2759 1693 2817; x_wconf 87' lang='lat' dir='ltr'>potior</span> <span class='ocrx_word' id='word_1_205' title='bbox 1711 2796 1718 2804; x_wconf 94' lang='lat'>.</span> <span class='ocrx_word' id='word_1_206' title='bbox 1736 2796 1745 2804; x_wconf 88' lang='lat'><strong>.</strong></span> <span class='ocrx_word' id='word_1_207' title='bbox 1762 2797 1769 2805; x_wconf 89' lang='lat'><em>.</em></span> <span class='ocrx_word' id='word_1_208' title='bbox 1787 2761 1816 2805; x_wconf 90' lang='lat'>.&#39;</span> 
     </span>
    </p>
   </div>
   <div class='ocr_carea' id='block_1_13' title="bbox 57 2847 1821 2962">
    <p class='ocr_par' dir='ltr' id='par_1_13' title="bbox 57 2847 1821 2962">
     <span class='ocr_line' id='line_1_35' title="bbox 57 2847 1821 2906; baseline 0.003 -17"><span class='ocrx_word' id='word_1_209' title='bbox 57 2880 73 2899; x_wconf 63' lang='lat'>,</span> <span class='ocrx_word' id='word_1_210' title='bbox 260 2848 331 2892; x_wconf 92' lang='lat' dir='ltr'>uti</span> <span class='ocrx_word' id='word_1_211' title='bbox 354 2849 456 2891; x_wconf 90' lang='lat' dir='ltr'>tute</span> <span class='ocrx_word' id='word_1_212' title='bbox 479 2848 678 2892; x_wconf 80' lang='lat' dir='ltr'>Bothins</span> <span class='ocrx_word' id='word_1_213' title='bbox 701 2849 753 2890; x_wconf 91' lang='lat' dir='ltr'>ut</span> <span class='ocrx_word' id='word_1_214' title='bbox 775 2849 876 2891; x_wconf 84' lang='lat' dir='ltr'>tute</span> <span class='ocrx_word' id='word_1_215' title='bbox 901 2865 935 2891; x_wconf 90' lang='grc' dir='ltr'><em>ω</em></span> <span class='ocrx_word' id='word_1_216' title='bbox 962 2847 1134 2891; x_wconf 89' lang='lat' dir='ltr'>uirtute</span> <span class='ocrx_word' id='word_1_217' title='bbox 1162 2847 1419 2905; x_wconf 79' lang='lat' dir='ltr'>Frnterius,</span> <span class='ocrx_word' id='word_1_218' title='bbox 1443 2851 1617 2895; x_wconf 79' lang='lat' dir='ltr'>Junius</span> <span class='ocrx_word' id='word_1_219' title='bbox 1688 2852 1821 2906; x_wconf 89' lang='lat' dir='ltr'>pote-</span> 
     </span>
     <span class='ocr_line' id='line_1_36' title="bbox 142 2906 821 2962; baseline 0.001 -13"><span class='ocrx_word' id='word_1_220' title='bbox 142 2908 270 2950; x_wconf 88' lang='lat' dir='ltr'>retur</span> <span class='ocrx_word' id='word_1_221' title='bbox 301 2907 497 2951; x_wconf 75' lang='lat' dir='ltr'>Bothius</span> <span class='ocrx_word' id='word_1_222' title='bbox 526 2906 755 2962; x_wconf 80' lang='lat' dir='ltr'>potiretur</span> <span class='ocrx_word' id='word_1_223' title='bbox 786 2924 821 2950; x_wconf 88' lang='grc' dir='ltr'>ω</span> 
     </span>
    </p>
   </div>
  </div>
 </body>
</html>
