1980 3146
169 114 276 167 262
861 116 910 161 L.
943 115 1153 160 ACCIVS

902 255 1111 302 XXXVI

168 323 400 376 Hectora

286 424 432 490 Varro
466 424 524 468 de
556 425 585 468 1.
618 425 648 469 l.
681 425 723 468 X
749 430 804 470 70
827 425 888 469 Μ.
940 424 1124 468 ‘Accius
1156 425 1271 469 haec
1302 424 1352 468 in
1381 425 1637 483 tragoediis
1669 425 1845 483 largius

169 497 197 526 a
243 497 399 540 prisca
446 483 782 551 consuetudine
826 497 1013 528 mouere
1057 483 1212 550 coepit
1251 485 1298 528 et
1324 484 1397 550 ’ad
1434 484 1606 551 formas
1645 484 1845 529 Graecas

166 543 919 646 ἲὲῗοῇῗθῗῗΐέἔῗὲοθὲῗὲᾶ
930 542 1265 646 ἓξοωᾝέῗὲω
1291 545 1378 589 ‘m‘
1411 543 1614 587 ΛΟΜ
1639 544 1846 587 Hem*

700 639 710 659 ,
1198 638 1205 645 .

885 741 1120 789 XXXVII

165 814 370 863 termen

283 912 429 956 Varro
471 912 529 956 de
561 913 591 958 l.
624 913 654 956 l.
687 912 806 957 V21
834 913 894 956 M.
961 913 1144 955 ‘terra
1190 911 1317 955 dicta
1364 912 1423 956 ab
1471 926 1548 969 ec,
1597 915 1649 957 ut
1687 913 1847 958 Aelius

166 970 350 1028 scribit,
390 971 516 1027 quod
547 971 716 1016 teritur
741 1009 749 1015 .
771 1008 807 1015 ..
833 971 942 1014 hinc
973 970 1087 1015 fines
1120 984 1335 1027 agrorum
1365 971 1574 1027 termini,
1607 973 1733 1028 quod
1764 986 1847 1017 eae

163 1029 312 1087 partis
343 1033 534 1087 propter
567 1030 772 1075 limitare
802 1030 893 1075 iter
915 1029 1115 1074 maxime
1138 1031 1370 1075 teruntur:
1402 1030 1563 1086 itaque
1587 1031 1676 1075 hoc
1700 1045 1803 1075 cum
1826 1033 1846 1075 I

164 1089 215 1132 in
245 1089 381 1133 Latio
423 1089 607 1146 aliquot
645 1089 761 1134 locis
795 1089 986 1146 dicitur,
1022 1091 1076 1132 ut
1106 1088 1231 1146 apud
1261 1088 1453 1133 Accium
1482 1103 1577 1133 non
1607 1090 1846 1146 terminus,

167 1148 249 1192 sed
272 1150 521 1194 termen.’
563 1149 846 1194 Emendavit
864 1149 913 1193 L.
941 1147 1236 1206 Spengelius:
1269 1148 1500 1193 hoccum
1531 1147 1577 1192 is
1602 1148 1657 1192 in
1682 1150 1846 1194 Latio

165 1207 284 1253 Flor.
318 1207 443 1251 idem
473 1209 714 1253 terimen
746 1208 956 1253 coniecit.

877 1318 1138 1365 XXXVIII

166 1388 504 1441 inimicitiam

281 1489 517 1534 Charisius
549 1504 594 1546 p.
623 1494 675 1533 75
700 1489 749 1534 P.
810 1487 1111 1532 ‘inimicitiae
1152 1490 1200 1532 et
1237 1487 1437 1532 insidiae
1474 1488 1722 1545 pluraliter
1754 1489 1848 1532 dici

165 1549 350 1604 debent,
376 1549 457 1592 sed
476 1547 726 1593 Sallustius
752 1548 808 1592 de
832 1547 1016 1592 insidiis
1040 1547 1193 1604 prima
1216 1547 1383 1604 inquit,
1401 1549 1448 1591 et
1464 1547 1631 1591 Accius
1656 1547 1847 1591 inimi-

164 1607 365 1651 citiam
396 1607 544 1653 dicit.’

898 1673 1107 1721 XXXIX

163 1743 315 1795 aluus
354 1740 686 1814 (masculine)

280 1844 515 1888 Charisius
555 1859 599 1900 p.
635 1848 689 1886 61
721 1843 772 1887 Ρ.
846 1842 1061 1886 ‘aluum
1109 1841 1344 1899 Vergilius
1399 1842 1623 1887 feminino
1677 1858 1843 1900 genere

163 1917 302 1960 saepe
342 1903 483 1961 dixit,
525 1903 607 1946 sed
645 1902 960 1947 masculine
1002 1901 1173 1946 Caluus
1201 1938 1237 1945 ..
1260 1938 1267 1946 .
1294 1903 1343 1945 et
1372 1902 1567 1946 Heluius
1602 1902 1750 1946 Cinna
1776 1939 1782 1946 .
1805 1940 1812 1947 .
1835 1939 1842 1946 .

163 1965 211 2007 et
233 1962 457 2006 Laberius
491 1964 539 2006 et
562 1961 730 2005 Accius
761 1961 1040 2017 frequenter,
1074 1961 1198 2016 quod
1229 1960 1379 2017 magis
1411 1975 1520 2004 usus
1553 1961 1841 2006 celebrauit.'

164 2021 228 2066 Cf.
263 2022 410 2078 Caper
441 2021 568 2066 CGL.
594 2021 678 2066 VH
707 2036 751 2077 p.
779 2025 878 2076 107,
905 2026 973 2066 12.

276 2155 279 2158 ·
951 2130 1063 2177 XLI

165 2199 300 2272 (hic)
339 2199 485 2253 Iouis

281 2294 514 2350 Excerpta
557 2307 613 2337 ex
651 2307 787 2337 anon,
824 2306 1018 2350 gramm.
1060 2293 1110 2334 in
1147 2292 1200 2336 A.
1233 2291 1332 2336 Mai
1372 2294 1492 2336 auct.
1535 2291 1668 2336 class.
1693 2292 1735 2335 V
1761 2297 1841 2336 151

167 2353 390 2410 ‘legimus
421 2352 471 2396 in
504 2352 653 2409 Capro
684 2351 761 2395 hic
791 2351 958 2396 Iouis.
1008 2350 1150 2395 etiam
1180 2350 1387 2394 Naeuius
1419 2350 1575 2394 Attius
1600 2350 1844 2406 Pacuuius,

166 2426 324 2456 omnes
355 2411 435 2455 isti
467 2413 663 2455 utuntur
694 2411 781 2454 hoc
813 2409 1055 2466 exemplo.'

937 2519 1076 2567 XLII

166 2594 335 2643 status

283 2683 402 2727 Non.
421 2688 520 2739 226,
543 2688 599 2726 24
621 2683 874 2725 ‘statura
898 2681 1080 2739 generis
1104 2680 1329 2725 feminini.
1361 2679 1566 2724 Lucilius
1582 2679 1662 2723 lib.
1681 2696 1842 2725 xxvm:

169 2755 311 2796 quare
341 2755 424 2797 pro
452 2741 588 2797 facie,
621 2755 704 2797 pro
730 2742 910 2784 statura
934 2740 1091 2784 Acciu'
1118 2740 1336 2784 status?
1372 2738 1436 2783 Cf.
1463 2737 1618 2781 coroll.
1645 2739 1766 2781 LXII
1776 2754 1842 2795 sq.

170 2800 513 2901 com.MC1{inI{.
553 2861 603 2902 et
648 2857 841 2901 dubium
889 2857 1150 2913 exemplum
1196 2856 1321 2912 apud
1365 2854 1554 2898 Festum
1597 2870 1641 2911 p,
1675 2861 1760 2899 359
1802 2873 1842 2901 v.

175 2917 455 2960 tammodo
481 2918 624 2972 extat,
658 2917 714 2960 de
738 2930 830 2971 quo
854 2916 910 2961 cf.
937 2915 1093 2959 coroll.
1120 2928 1234 2958 com.
1260 2912 1461 2967 CXXIX3
1495 2912 1691 2957 alterum
1720 2917 1860 2973 quod-
