1980 3146
763 131 824 176 M.
856 129 1154 175 PAOVVIVS
1688 129 1790 182 121

910 285 1006 332 XH

120 442 164 496 F
914 369 1107 422 mulier
1145 367 1510 440 egregiissima
1798 385 1883 424 230

167 461 315 497 orma

240 544 506 588 Priscianus
559 561 603 602 p.
638 550 723 589 600
754 546 803 589 P.
870 543 1201 588 ‘uetustissimi
1253 546 1411 588 tamen
1465 543 1796 601 eomparatiuis

122 603 468 648 huiuscemodi'
511 607 587 660 (sc.
619 603 754 660 piior,
787 602 990 659 arduior)
1026 603 1160 646 ‘sunt
1190 602 1263 645 usi
1288 639 1296 646 .
1318 639 1325 647 .
1346 638 1355 646 .
1380 603 1428 646 P.
1462 602 1511 645 in
1542 603 1679 647 Medo
1706 640 1715 648 .
1736 641 1744 647 .
1766 604 1793 647 .’

123 663 327 721 (Medio
359 664 473 720 Reg.
504 678 563 707 m.
591 668 613 706 1
649 662 778 707 Grut.
810 661 1007 706 Karolir.
1039 662 1231 705 mecho
1264 661 1422 718 Sang.)

245 772 267 810 1
302 765 604 824 egregissima
637 766 768 811 Grut.
781 802 792 823 ,
831 780 984 810 verwm
1021 779 1110 810 esse
1147 767 1375 811 contendit
1405 765 1630 824 Berykius
1659 767 1796 825 symb.

123 857 158 900 1
183 859 252 900 91.
286 826 605 913 egregigisima
637 854 774 913 sanq.

902 934 1026 983 XIII

128 1018 388 1072 Caelitum
428 1018 661 1089 camilla,
700 1021 976 1088 expectata
1014 1018 1252 1070 aduenis:
1293 1017 1460 1087 salue,
1497 1017 1730 1088 h6spita!

241 1135 388 1180 Varro
429 1135 486 1179 de
524 1134 554 1179 l.
594 1134 624 1178 1.
657 1134 743 1179 VH
775 1139 832 1178 34
853 1135 915 1179 M.
982 1133 1057 1177 ‘in
1102 1133 1283 1179 Medo:
1331 1133 1577 1178 caelitum’
1616 1148 1653 1179 e.
1686 1149 1730 1191 q.
1763 1150 1797 1179 s,

128 1193 440 1238 ‘camillam
470 1193 551 1249 qui
574 1193 860 1250 glossemata
881 1192 1177 1250 interpretati
1202 1192 1419 1237 dixerunt
1442 1193 1795 1238 administram)

125 1253 325 1311 (Medio
379 1252 516 1297 Goth.
564 1253 715 1298 Haun.
761 1253 865 1298 Par.
890 1254 938 1310 b)
982 1252 1166 1297 Servius
1211 1252 1328 1296 Dan.
1373 1251 1422 1295 in
1463 1252 1577 1297 Aen.
1617 1253 1681 1296 XI
1713 1258 1798 1298 543

126 1312 274 1356 ‘unde
297 1311 532 1369 Vergilius
562 1312 682 1355 bene
714 1311 782 1356 ait
811 1312 1052 1356 Metabum
1079 1310 1324 1355 Camillam
1355 1311 1616 1368 appellasse
1640 1311 1798 1369 filiam,

125 1371 304 1416 scilicet
346 1371 527 1415 Dianae
572 1370 846 1415 ministram.
909 1371 1032 1415 Nam
1078 1373 1125 1414 et
1161 1370 1210 1414 P.
1254 1369 1304 1413 in
1341 1370 1539 1415 Medea
1576 1385 1696 1415 eum
1733 1371 1799 1415 de

124 1431 324 1475 Medea
350 1430 684 1486 loqueretur
708 1467 716 1475 .
738 1467 745 1475 .
767 1431 794 1475 .'
828 1430 1006 1474 Eadem
1027 1429 1173 1473 habet
1195 1428 1458 1473 Macrobius
1483 1430 1578 1475 Sat.
1603 1430 1668 1474 III
1691 1435 1732 1488 8,
1758 1435 1808 1474 7.-

902 1569 1021 1617 XIV

126 1654 309 1732 Vitam
346 1673 648 1726 propagans
687 1654 946 1707 exanimis
984 1653 1242 1706 altaribus

244 1770 394 1814 Schol.
434 1770 602 1814 Veron.
642 1769 692 1813 in
729 1770 843 1814 Aen.
877 1769 920 1814 V
952 1773 1007 1812 93
1038 1784 1082 1825 p.
1109 1774 1165 1813 94
1197 1769 1315 1813 Keil.
1368 1769 1608 1813 ‘altaria
1637 1769 1801 1813 limina

130 1856 186 1862 -—
212 1856 268 1862 -—
299 1830 348 1873 P.
380 1829 430 1872 in
461 1829 689 1886 (M)ed(o)
718 1829 803 1873 ...’

245 1932 469 1999 exanimis
508 1934 678 1978 conieci
715 1931 895 1976 exanin.
938 1933 989 1988 (ι)
1030 1933 1123 1977 cod.
1165 1945 1221 1976 ex
1259 1932 1351 1976 aris
1391 1935 1439 1976 et
1477 1933 1651 1977 Maius.
1721 1932 1801 1976 An

126 2005 182 2035 ex
211 1999 377 2037 nouis?

919 2071 1011 2118 XV

127 2156 440 2226 Populoque
478 2159 541 2208 ut
578 2156 813 2208 faustum
851 2156 1169 2225 sempiterne
1209 2156 1470 2225 sospitent

154 2331 199 2375 a]
246 2272 364 2374 Non.
400 2276 505 2352 lJO,
534 2277 586 2316 19
630 2270 1032 2327 ‘sempiterne’
1094 2271 1223 2316 Idem
1256 2276 1361 2326 176,
1395 2277 1420 2316 5
1466 2270 1798 2328 ‘sospitent‚

130 2346 150 2374 s
201 2344 292 2375 uen
319 2368 326 2375 .

244 2434 510 2537 populfffiie
541 2436 595 2477 ut
618 2451 653 2477 ω
678 2448 726 2489 p.
755 2437 839 2476 170
868 2432 1042 2490 populo
1070 2433 1150 2489 qui
1174 2451 1209 2477 ω
1227 2448 1276 2490 p.
1303 2437 1386 2477 176
1479 2433 1800 2489 superstitent-

128 2507 218 2550 que
249 2510 283 2537 ω
307 2508 356 2550 p.

905 2572 1023 2620 XVI

141 2657 385 2726 Repudio
424 2657 740 2726 hospitium:
778 2645 1190 2727 regrediundum
1230 2659 1310 2708 est
1346 2655 1486 2708 ssieo.
1798 2669 1886 2708 ‚235

247 2773 365 2817 Non.
400 2777 501 2829 325,
528 2778 550 2817 1
588 2771 753 2815 ‘ilico
786 2747 1020 2829 significat
1051 2772 1223 2828 statim,
1254 2772 1392 2815 mox.’

247 2875 503 2942 liospitium
527 2876 770 2920 Heinsius:
802 2876 859 2930 cf.
893 2880 977 2919 232
1010 2882 1051 2921 et
1074 2875 1235 2920 Plauti
1266 2875 1388 2919 Rud.
1415 2877 1499 2918 883
1523 2873 1659 2918 Poen.
1687 2878 1797 2918 1041

130 2947 387 2991 auspicium
418 2952 453 2978 ω
