1980 3146
799 107 850 161 Q.
882 107 1107 153 ENNIVS
1726 108 1798 161 55

217 241 393 286 Cicero
433 241 490 285 de
529 242 645 285 orat.
677 240 743 285 111
775 244 852 298 58,
878 245 964 286 217
1007 240 1189 285 ‘aliud'
1230 243 1310 298 (se.
1349 240 1478 285 uocis
1517 254 1662 298 genus
1704 241 1796 285 sibi

118 300 276 358 sumit)
318 299 574 344 ‘miseratio
613 314 670 344 ac
706 313 907 346 maeror:
953 299 1178 357 flexibile,
1217 300 1429 358 plenum,
1469 299 1795 357 interruptum,

119 359 263 404 flebili
308 373 443 404 uoce:
491 360 623 415 quo’
658 373 697 405 e.
729 374 773 415 q.
803 374 838 404 s.
898 359 1027 404 Haec
1073 358 1308 404 Gracchus
1354 359 1481 416 apud
1528 358 1796 404 Ciceronem

118 419 179 463 de
216 421 330 463 orat.
362 419 428 462 ΙΠ
458 422 534 475 56,
567 423 654 462 214
692 420 741 463 et
778 418 903 485 apud
943 417 1287 472 Quintilianum
1315 418 1380 462 XI
1404 423 1570 475 3,115
1610 421 1658 463 et
1695 418 1796 476 ipse

119 477 276 522 Cicero
306 491 390 535 pro
422 478 540 522 Mur.
566 483 638 534 41,
663 481 720 522 88
751 477 927 522 imitati
959 480 1079 523 sunt.
1141 477 1380 535 Euripidis
1413 480 1522 522 sunt
1551 493 1593 522 v.
1619 483 1728 524 502:

380 558 468 596 νῦν
498 559 583 596 ποῖ
609 550 874 609 τράπωμαις
905 550 1081 606 πότερα
1111 551 1228 608 πρὸς
1257 552 1433 625 πατρὸς
1463 550 1655 609 δόμους,

381 610 463 662 ους
492 611 564 655 σοὶ
595 612 837 685 προδοῦσα
867 610 946 654 καὶ
977 609 1164 666 πάτραν
1195 608 1455 668 ἀφικόμην;

379 667 409 726 ἢ
440 670 557 727 πρὸς
587 667 809 721 ταλαίνας
838 670 1119 723 Πελιάδας;

915 823 986 871 ΧΙ

894 906 1014 962 Iaso

113 997 197 1050 Τιί
242 1016 325 1050 me
371 997 567 1051 amoris
612 997 785 1068 magis
824 1015 984 1067 quam
1022 996 1242 1051 honoris
1280 997 1564 1050 seruauisti
1590 999 1791 1070 gratia.

232 1113 388 1158 Cicero
420 1113 554 1158 Tusc.
588 1112 706 1170 disp.
731 1113 796 1157 IV
819 1118 890 1169 32,
915 1118 971 1157 69
1007 1113 1140 1169 ‘quid
1172 1113 1241 1158 ait
1272 1127 1329 1158 ex
1358 1113 1604 1171 tragoedia
1635 1114 1789 1172 prin-

112 1186 242 1229 ceps
273 1172 375 1217 ille
406 1173 894 1230 Argonautarum?
937 1172 1016 1216 Tu
1045 1186 1127 1217 me
1160 1172 1393 1217 amoris'
1428 1187 1535 1230 e.‚q.
1562 1189 1596 1218 s.
1648 1173 1790 1228 ‘Quid

111 1239 253 1289 ergo?
282 1231 358 1276 hie
389 1246 519 1276 amor
540 1231 735 1276 Medeae
766 1234 944 1288 quanta
974 1231 1269 1276 miseriarum
1298 1231 1525 1277 excitauit
1547 1232 1787 1279 incendia!

110 1291 265 1347 Atque
305 1306 360 1336 ea
397 1293 556 1335 tamen
595 1291 722 1348 apud
760 1290 906 1335 alium
942 1292 1132 1348 poetam
1169 1290 1294 1348 patri
1333 1290 1486 1336 dicere
1526 1292 1689 1349 audet,
1740 1306 1788 1337 se

109 1350 357 1408 coniugem
386 1349 607 1394 habuisse
640 1350 748 1408 [inc.
779 1350 868 1394 inc.
900 1349 994 1394 fab.
1019 1349 1193 1410 XCV.]'
1244 1350 1309 1395 cf.
1341 1350 1578 1408 Euripidis
1611 1366 1652 1395 v.
1679 1356 1785 1398 530:

783 1464 786 1467 ,
860 1418 921 1468 ὡς
941 1414 1091 1474 Ἔρως
1120 1415 1164 1460 ο·’
1197 1415 1291 1473 ἠνά
1322 1431 1434 1461 κασε

375 1474 527 1530 τόξοις
557 1476 786 1532 αφύκτοις
815 1475 988 1533 τούμὸν
1019 1472 1215 1520 ἐκσῶσαι
1247 1478 1277 1520 ὃ
1302 1493 1403 1533 μοις.

230 1578 482 1623 seruauisti
515 1579 829 1625 Cratandrina
861 1578 1061 1623 seruasti
1093 1596 1128 1622 ω

898 1734 996 1782 XII

109 1815 367 1886 Sol,qu1‘
401 1817 710 1871 candentem
749 1819 807 1871 in
844 1819 989 1872 caelo
1028 1818 1284 1871 sublimat
1320 1817 1491 1871 facem

225 1932 566 1989 Non.170,10
605 1933 960 2011 ‘sublimare,
1001 1934 1236 1980 extollere
1297 1933 1475 1977 Ennius
1506 1933 1702 1979 Medea.

105 1990 172 2036 Cf.
206 1991 443 2048 Euripidis
475 2007 518 2036 v.
546 1997 652 2038 764·
685 1988 720 2038 ὦ
755 1996 843 2038 Ζεῦ
876 1996 996 2051 Δίκη
1029 2009 1078 2038 τε
1114 1993 1262 2051 Ζηνὸς
1286 1990 1444 2038 Ηλίου
1474 2009 1523 2037 τε
1555 2001 1667 2050 φῶς.

226 2094 450 2199 εᾳξΙῖωἳξ
477 2095 711 2153 Columna,
741 2097 933 2152 fortasse
962 2102 1093 2152 recte,
1123 2098 1201 2142 sed
1229 2097 1459 2142 addidisse
1483 2101 1631 2153 potest
1646 2103 1784 2155 poeta

103 2167 139 2198 e.
173 2168 208 2199 c.
242 2169 282 2198 Sl
357 2168 405 2198 es
429 2169 469 2198 ιε

883 2251 1006 2299 XIII

848 2333 1033 2387 Medea

150 2466 161 2475 .
196 2466 206 2475 .
237 2423 460 2493 saluete,
499 2423 703 2492 optima
740 2424 983 2492 corpora!
1783 2434 1870 2474 235

107 2508 258 2563 Cette
296 2528 485 2563 manus
523 2511 728 2563 uestras
766 2528 1014 2579 measque
1052 2509 1296 2579 accipite!

222 2626 341 2670 Non.
375 2630 502 2682 85,1
547 2627 722 2670 ‘cette
763 2625 998 2683 significat
1027 2625 1169 2669 dicite
1202 2624 1279 2668 uel
1310 2625 1419 2669 date
1451 2625 1512 2670 ab
1544 2640 1620 2684 eo,
1652 2628 1779 2683 quod

104 2685 253 2729 cedo.
306 2663 514 2730 .Enn’ius
546 2685 597 2729 in
627 2685 829 2729 Medea
850 2686 907 2729 ..'
970 2683 1216 2741 Euripides
1248 2699 1290 2729 v.
1318 2688 1453 2729 1069.

1014 2748 1131 2806 δότ’,
1164 2746 1199 2795 ὦ
1229 2748 1393 2806 τέκνα,

457 2808 558 2856 δότ’
593 2812 897 2855 ἀσπάσασθαι
927 2811 1062 2868 μητρὶ
1094 2809 1255 2864 δεξιὰν
1285 2807 1410 2867 χέρα.

224 2918 247 2956 1
281 2913 458 2970 optima
487 2913 684 2971 pignora
717 2914 780 2959 H.
813 2914 1070 2971 Stephanus
1101 2927 1127 2958 o
1158 2912 1238 2969 pia
1269 2911 1467 2970 pignora
1495 2926 1530 2958 x
