1980 3146
170 109 274 161 146
777 85 780 87 ’
807 107 869 152 M.
903 100 1200 151 PAcvvivs

164 242 322 286 uerbo.
385 240 616 284 Pacuuius
658 241 777 298 [377.
819 240 924 298 376]
987 239 1104 283 Item
1143 240 1270 298 [378]
1310 242 1358 283 et
1397 241 1504 298 [379
1523 241 1637 307 sq.]'
1701 240 1847 284 -Pauli

165 301 330 344 Festus
360 315 404 356 p.
433 304 515 343 132
540 300 600 343 M.
653 297 1054 342 ‘manticulari
1085 297 1318 355 fflcuntur,
1349 298 1430 354 qui
1460 299 1742 343 mant1culas
1775 302 1846 344 at-

164 361 389 414 trectant,
432 360 486 401 ut
524 357 748 402 furentur.
809 357 944 401 Vnde
981 359 1150 414 poetae
1189 371 1272 414 pro
1312 357 1472 402 dolose
1510 357 1623 414 quid
1664 359 1848 416 agendo

165 419 253 462 hoc
291 418 434 462 uerbo
473 419 680 461 utuntur.
742 415 1047 461 Pacuuius:
1087 416 1155 460 ad
1193 416 1687 461 manticulandum
1718 420 1846 462 astu

168 476 538 534 adgreditur.’
602 477 716 520 Post
760 475 1079 519 manticula
1101 527 1104 530 ¹
1123 475 1317 532 periisse
1365 478 1618 520 extremam
1663 479 1847 534 partem

168 535 352 579 articuli
389 535 751 580 manticularum
790 537 838 578 et
870 534 1070 591 primam
1101 534 1337 590 sequentis
1370 535 1427 579 de
1457 535 1847 580 manticularibus

167 597 323 639 censet
370 594 420 639 O.
460 594 726 639 Muellerus.
797 593 862 638 Cf.
909 593 1092 637 Placidi
1138 593 1296 650 glossa
1341 593 1453 650 (CGl
1490 594 1532 637 V
1564 599 1589 638 6
1626 594 1696 652 G.)
1752 595 1847 638 ‘ad

165 653 676 710 manticulandum,
710 654 771 697 ad
803 653 963 697 dolum
993 655 1041 697 et
1072 653 1288 710 strophas
1321 652 1713 710 excogitandum.’

285 757 387 785 sum
415 744 484 787 vel
513 756 637 786 nunc
667 743 735 786 vel
766 755 853 799 ego
884 743 1089 799 suppleri
1120 743 1223 786 licet
1310 741 1483 786 modici
1513 742 1849 787 manticulatur

170 839 177 846 .
207 839 213 845 .
239 801 309 845 ita
339 814 412 845 me
443 801 559 845 facti
591 800 800 858 oppressi
831 800 942 858 iugo
974 803 1068 846 cod.
1100 800 1363 857 mendicus,
1395 801 1747 847 manticulator:
1778 801 1849 846 ita

165 875 238 904 me
289 860 377 904 fati
424 859 656 917 oppressit
699 860 861 917 iugum
910 861 1098 905 Grotius
1144 860 1468 918 (aliis)m6dice
1514 861 1850 905 manticulatur

167 920 282 973 uita,
313 933 386 963 me
418 919 449 964 f.
483 933 524 964 o.
555 919 585 964 i.
619 920 735 974 Bue,
767 921 994 978 iuyeuiose

949 1045 1068 1092 XVI

169 1127 270 1180 'Ad
307 1129 764 1181 manticulandum
804 1130 924 1181 astu
964 1128 1288 1199 aggreditur.
1329 1160 1398 1166 —
1437 1128 1568 1181 scite
1606 1128 1853 1197 nimquid

1229 1218 1591 1286 prompserit?

288 1319 514 1363 Personas
544 1319 739 1363 distinam·
768 1319 1044 1375 alteramque
1073 1319 1163 1377 feei
1191 1320 1562 1376 iuterroya‘ntem3
1608 1317 1696 1362 scit
1727 1317 1852 1362 enim

171 1376 285 1432 quid
317 1379 435 1431 cod.‚
467 1379 586 1435 quod
617 1377 732 1421 scite
763 1379 850 1433 (vel
880 1377 1004 1435 sciti)
1034 1376 1248 1433 nimquid
1280 1379 1336 1433 (h.
1369 1392 1403 1421 e.
1435 1376 1680 1434 numquid)
1711 1379 1851 1422 iuter-

166 1442 374 1491 pretatus
411 1450 511 1480 sum
549 1438 700 1481 eoroZl.
733 1436 922 1480 LXXVI
1037 1435 1317 1493 prompserit
1348 1438 1517 1480 conieci
1545 1435 1852 1492 promeruerit

172 1497 263 1539 cod.
358 1495 472 1539 scite
497 1495 612 1551 quid
635 1509 809 1552 prome,
842 1509 949 1539 erue
974 1496 1190 1554 Scaliyer.
1252 1496 1314 1539 Iu
1336 1496 1600 1540 schedarum
1622 1497 1854 1552 scriptura

173 1556 396 1611 acquievit
425 1555 753 1599 Lachmann-us
1299 1576 1302 1579 ·

940 1620 1083 1668 XVII

173 1703 378 1756 Deinde
424 1705 705 1776 adgrediar
748 1705 867 1767 astu
915 1723 1117 1776 regem:
1163 1705 1357 1772 (nam)
1394 1704 1853 1766 manticulandum

1234 1794 1314 1845 est
1352 1792 1500 1845 mihi.

291 1893 460 1937 deinde
483 1895 570 1938 alii
587 1893 722 1938 Festo
745 1895 1043 1939 reddiderunt
1124 1907 1281 1951 regem
1305 1896 1480 1951 (rogem
1503 1895 1556 1937 iu
1578 1895 1643 1938 ed.
1667 1894 1851 1944 noviss.)

173 1955 266 1998 cod.
314 1967 411 1996 rem
461 1953 788 1997 Lachmawnus
832 1956 1064 1997 senarium
1109 1954 1336 1998 dimensus
1461 1951 1537 1996 hic
1584 1959 1690 1997 ante
1735 1951 1851 1994 mihi

173 2014 332 2057 inserit
362 2013 540 2056 Aldina
630 2014 686 2067 cf.
720 2013 884 2056 Plauti
919 2013 1044 2056 Triu.
1079 2017 1163 2055 963

927 2151 1097 2198 XVIII

879 2235 1179 2287 machinam
1220 2235 1411 2288 ordiris
1449 2253 1666 2288 nouam:

87 2336 173 2374 380
191 2322 540 2383 Manticulata
579 2326 697 2376 astu
736 2324 870 2376 anne
909 2327 1091 2376 sancta
1128 2324 1244 2376 iura
1283 2324 1504 2376 iuranda
1542 2323 1741 2375 adicis?

294 2425 498 2468 Pacuvio
535 2426 716 2469 reddidi
753 2439 854 2468 cum
893 2424 1186 2469 Buechelero:
1233 2426 1291 2479 cf.
1330 2426 1478 2469 coroll.
1519 2424 1684 2468 XLVII
1699 2439 1758 2480 sq.

178 2487 199 2524 1
236 2482 336 2525 ordi
369 2482 430 2526 sis
461 2498 496 2527 x
601 2489 626 2527 2
658 2483 969 2527 manticulata
1000 2485 1105 2526 astu
1137 2485 1307 2528 conieci
1335 2483 1722 2527 manticulatactu
1754 2483 1850 2525 cod.

265 2543 405 2599 anne]
430 2556 491 2585 an
508 2544 602 2586 eod.
703 2544 866 2586 sancta
890 2541 993 2585 iura
1016 2543 1187 2587 conieci
1209 2542 1444 2586 sanctiora
1467 2544 1560 2587 cod.
1652 2540 1851 2583 iuranda

178 2599 324 2642 adicis
348 2603 519 2645 conieci
542 2600 658 2644 dicis
682 2600 987 2645 iuraiuranda
1011 2603 1105 2646 eod.
1197 2601 1508 2645 manticulata
1533 2615 1593 2643 an
1617 2598 1850 2642 sanctiora

178 2659 279 2701 iura
311 2659 509 2703 iuranda
541 2659 687 2703 adicis
720 2661 823 2704 Bue

182 2805 314 2859 Cum
355 2808 508 2860 deum
548 2809 870 2878 triportenta
956 2741 1072 2787 XIX

296 2907 442 2951 Varro
475 2908 531 2952 de
563 2908 593 2952 1.
626 2909 656 2953 l.
689 2909 776 2953 VII
800 2914 854 2952 59
878 2910 940 2954 M.
977 2884 1255 2960 ‘Pacuuius2
1287 2921 1390 2950 cum
1424 2906 1466 2950 d.
1500 2908 1532 2951 t.
1567 2933 1621 2938 —
1655 2907 1728 2938 —'
