1980 3146
189 61 326 146 256-
880 93 930 137 L.
962 57 1172 138 Aeonis

155 365 497 377 ......
558 323 751 375 mulier
788 341 894 374 una
934 322 1095 375 duom
1132 322 1311 374 uirum

981 482 1079 529 VII

193 574 421 637 Quinam
460 573 863 626 Tantalidarum
900 572 1258 626 internecioni
1291 574 1481 627 modus

189 662 450 715 Paretur?
489 665 582 714 aut
621 680 881 731 quaenam
918 665 1173 731 umquam
1211 662 1282 714 'ob
1322 666 1550 715 mortem
1588 663 1798 731 My'rtili

189 750 385 804 Poem's
423 751 631 803 luendis
671 750 888 803 dabitur
925 751 1086 804 satias
1125 751 1390 820 supplici?

310 858 467 903 Cicero
523 859 580 903 de
627 861 724 903 nat.
773 859 896 904 deor.
935 859 1001 902 III
1031 864 1110 915 38,
1143 864 1198 903 90
1256 859 1308 903 ‘o
1363 858 1530 903 miram
1583 859 1872 916 aequitatem

142 927 145 929 ’
192 918 403 963 deorum!
451 918 651 962 ferietne
698 917 868 962 ciuitas
916 917 1015 962 ulla
1053 894 1252 985 Ιεᾷοτθῑη
1289 918 1425 962 istius
1465 918 1595 962 modi
1633 918 1772 976 legis,
1819 922 1873 963 ut

191 977 578 1022 condemnaretur
608 977 731 1021 filius
765 979 848 1021 aut
877 991 1036 1034 nepos,
1072 976 1112 1020 si
1141 979 1278 1034 pater
1308 979 1392 1021 aut
1423 992 1538 1022 auus
1560 977 1872 1045 deliquisset?

192 1036 451 1090 Quinam’
495 1050 532 1081 e.
566 1051 608 1093 q.
643 1052 676 1081 s.
741 1036 979 1081 Charisius
1017 1052 1061 1094 p.
1097 1041 1152 1080 70
1176 1037 1226 1080 Ρ.
1292 1034 1685 1094 ‘praepositiuum
1723 1037 1872 1094 quis,

192 1095 541 1140 subiunctiuum
579 1095 696 1153 qui,
745 1096 871 1151 quod
908 1098 1068 1139 tamen
1107 1097 1318 1140 auctores
1357 1110 1452 1140 non
1491 1095 1872 1154 obseruauerunt,

190 1157 244 1199 ut
273 1155 478 1199 Accius
512 1154 670 1199 dicens
705 1156 773 1214 [1]
806 1157 854 1199 et
883 1154 1120 1212 Vergilius

311 1256 336 1294 2
367 1253 578 1310 paretur]
611 1251 673 1295 sit
706 1251 965 1307 Charisius,
998 1250 1064 1295 sio
1095 1253 1158 1296 ad
1190 1252 1381 1310 Vergilii
1409 1253 1658 1310 coeemplum
1691 1252 1795 1310 (‘sio
1827 1254 1875 1297 et
1901 1231 1908 1237 ι

189 1311 367 1368 Verg.’)
398 1312 542 1356 trahit
570 1326 604 1355 ω

966 1398 1091 1446 VIII

104 1506 187 1544 660
206 1490 348 1543 Hinc
386 1490 628 1544 colomen
668 1490 774 1542 alte
812 1490 1041 1560 geminis
1079 1494 1266 1560 aptum
1305 1491 1555 1544 cornibus

309 1599 428 1643 Non.
460 1614 505 1656 p.
531 1603 639 1654 235,
667 1603 689 1641 1
743 1599 963 1655 ‘aptum
1007 1612 1190 1642 rursum
1236 1612 1458 1643 conexum
1507 1601 1555 1643 et
1600 1598 1874 1656 colligatum

191 1658 426 1715 significat
451 1695 459 1702 .
481 1695 488 1702 .
510 1695 518 1702 .
544 1657 752 1712 Accius
785 1658 973 1701 demer
998 1657 1155 1701 hinc’
1184 1671 1221 1702 e.
1248 1673 1291 1714 q.
1317 1673 1351 1702 s.
1401 1657 1620 1715 (Accius
1699 1657 1873 1702 ‚idem

184 1717 440 1786 ‘Erigona
469 1716 802 1774 Kiesslingius:
836 1716 892 1760 cf.
925 1716 1044 1777 hist„
1067 1719 1186 1774 trag.
1220 1719 1326 1774 474)

307 1813 415 1857 hino
453 1814 644 1869 fortasse
684 1814 922 1858 delendum
952 1814 1070 1870 (vide
1100 1815 1298 1871 mpra),.
1320 1818 1403 1858 aut
1433 1814 1482 1857 in
1512 1814 1873 1859 substituendam

281 1872 376 1916 alte
420 1874 606 1930 scripsi,
654 1873 940 1922 Parnassum
984 1874 1253 1930 intelleqens.
1302 1872 1377 1917 ale
1413 1883 1452 1930 ψ
1500 1872 1577 1917 313
1618 1873 1727 1916 GH
1766 1871 1870 1915 alae

196 1932 432 1978 Twmebus
533 1931 694 1975 aether
723 1931 773 2015 in
805 1945 896 1986 quo
927 1930 1087 1975 lumen
1118 1931 1214 1976 alte
1244 1947 1288 1988 g.
1322 1946 1362 1976 a.
1396 1945 1433 1976 c.
1466 1933 1598 1989 (lunia
1626 1933 1739 1988 scil.)
1770 1932 1873 1975 Bae

996 2087 1067 2133 IX

190 2177 332 2231 Nam
354 2195 525 2246 neque
549 2177 721 2246 pretio
745 2178 918 2246 neque
942 2177 1176 2230 amicitia
1199 2179 1371 2246 neque
1394 2177 1451 2229 ui
1475 2177 1679 2245 impelli
1699 2177 1870 2245 neque

1248 2284 1404 2335 prece

162 2393 165 2394 γ
194 2338 386 2401 Qustus
424 2358 557 2391 sum.

309 2446 557 2490 Diomedes
587 2461 632 2503 p.
666 2451 751 2491 380
775 2448 823 2491 P.
871 2434 1055 2490 ‘Accius
1087 2446 1280 2502 quitus
1314 2461 1430 2490 sum
1459 2446 1594 2503 ponit
1623 2459 1706 2503 pro
1737 2444 1868 2501 quiui

193 2505 281 2549 hoc
311 2506 450 2549 modo
476 2505 592 2564 [IX]
638 2506 767 2549 Idem
798 2505 915 2550 alibi
947 2505 1110 2550 eodem
1140 2506 1301 2551 modo.
1333 2506 1456 2549 unde
1488 2505 1644 2549 omnia
1665 2503 1867 2561 perdisci

103 2565 107 2569 ⁴
193 2563 1070 2680 252355021312201123233312e2231&ssss
1101 2564 1294 2669 ῗέἒὲῗ
1332 2578 1395 2667 (ἐξ
1418 2562 1756 2666 {siffis
1782 2577 1865 2664 ¹1¹3

194 2682 319 2783 {311st
322 2687 428 2783 XiiI
484 2681 573 2725 Illa
617 2683 688 2739 Ep
690 2681 1038 2726 inausimachae
1083 2681 1229 2726 tribui
1274 2683 1490 2739 possunt,
1536 2679 1650 2724 item
1696 2680 1749 2723 fr.
1790 2680 1863 2723 XI.

314 2841 336 2878 1
369 2849 491 2892 nam,
524 2851 606 2881 om.
637 2850 802 2893 neque,
834 2838 943 2882 Par.
977 2837 1076 2880 AB
1108 2837 1293 2881 Monac.
1396 2833 1597 2889 impellit
1629 2834 1737 2879 Par.
1765 2835 1864 2879 AB

195 2907 251 2936 m.
278 2898 300 2936 1
333 2893 522 2950 inpellit
551 2896 737 2941 Monac.
770 2899 851 2952 (arn
879 2894 1131 2951 impellei?)
1205 2891 1218 2900 ⁴
