2010 3146
225 105 298 156 42
602 60 604 62 ι
911 101 964 156 Q.
995 102 1221 147 ENNIVS

1039 242 1087 288 V

840 325 1085 378 miserete
1124 325 1296 378 anuis:

225 416 361 469 Date
400 416 621 485 ferrum,
661 414 754 483 qui
791 432 876 467 me
916 414 1093 467 anima
1129 414 1363 491 priuem}

341 516 460 560 Non.
492 519 594 571 474,
620 519 677 559 30
711 514 1037 559 ‘miserete’

344 610 367 648 1
401 603 535 649 anuis
567 603 788 663 Scaliqer‚
825 604 905 661 qui
933 610 1204 661 anapaestos
1233 605 1431 663 aynovit.
1463 618 1627 648 manus
1659 621 1715 661 ω,
1747 607 1823 651 sed
1851 620 1900 648 m

224 680 322 722 emp.
354 665 406 708 in
436 663 481 707 L

1026 728 1099 776 VI

138 825 222 864 170
241 812 411 866 Senex
435 832 575 866 sum:
597 799 805 866 utiuam
827 815 1055 865 mortem
1080 813 1343 883 6ppebam,
1366 813 1516 883 prius
1533 832 1693 883 quam
1709 815 1901 867 euenat

225 902 378 966 Quod
415 902 474 955 1‘11
509 902 760 972 pauperie
800 904 854 954 et
890 901 1104 954 miseria
1141 902 1380 972 grauiter
1416 904 1648 973 gemam!

340 1004 459 1048 Non
491 1008 648 1060 494,1
693 1002 1021 1083 ‘pauperies
1059 1016 1144 1059 pro
1174 1003 1485 1060 paupertate?
1549 1003 1678 1047 Idem
1709 1008 1817 1060 507,
1844 1009 1898 1049 18

226 1065 457 1108 ‘euenat
507 1076 591 1119 pro
647 1061 867 1106 eueniat?
940 1061 1165 1106 Columna
1217 1062 1454 1119 perspexit
1499 1062 1741 1119 Talthybii
1798 1076 1898 1108 esse

224 1123 349 1180 apud
379 1121 651 1179 Euripidem
680 1126 790 1166 497:

487 1188 579 1238 φεῦ
611 1187 723 1238 φεῦ·
756 1178 904 1238 γέρων
936 1178 1022 1237 μέν
1053 1179 1169 1237 εἰμ’·
1203 1178 1323 1238 ὅμως
1354 1177 1408 1224 δέ
1439 1197 1516 1255 μοι
1546 1184 1719 1233 θανεῖν

488 1240 581 1298 εἴη,
611 1241 723 1296 πρὶν
753 1240 921 1301 αἰσχρᾷ
951 1246 1219 1296 περιπεσεῖν
1258 1239 1373 1298 τύχῃ
1404 1237 1510 1284 τινί.

343 1335 365 1373 1
400 1331 450 1373 at
487 1328 583 1373 iam
612 1329 783 1374 conieci
818 1330 872 1372 ut
909 1326 1006 1371 iam
1034 1343 1068 1373 ω
1105 1329 1319 1385 (mortem
1356 1327 1540 1372 utinam
1570 1329 1703 1386 idem)
1738 1330 1898 1374 tamen

227 1389 275 1434 Ο.
300 1389 543 1447 Bruyman
644 1387 818 1432 moriar
847 1389 1044 1430 mortem
1072 1389 1292 1443 oppetam
1315 1404 1350 1431 ω
1376 1402 1425 1444 p.
1450 1391 1537 1431 494
1643 1387 1831 1432 eueniat
1861 1406 1895 1433 ω

216 1463 265 1505 p.
290 1452 378 1492 494
483 1452 509 1491 2
540 1446 763 1505 pauperie
794 1448 842 1491 eb
871 1445 1061 1490 miseria
1090 1448 1193 1492 Bae
1210 1446 1444 1512 pauperie
1475 1460 1580 1491 mea
1612 1447 1898 1504 (pauperiem

222 1508 299 1552 Ba
323 1521 372 1564 p.
397 1509 502 1564 494)
532 1519 672 1551 senex
703 1523 738 1550 ω
769 1505 991 1563 pauperie
1022 1519 1128 1549 mea
1158 1504 1298 1549 miser
1323 1520 1651 1563 proposueram

1010 1631 1109 1678 VII

221 1716 358 1769 Vide
403 1716 566 1786 hune,
611 1734 759 1768 meae
797 1715 854 1767 in
893 1733 1052 1784 quem
1090 1715 1354 1768 lacrumae
1393 1715 1649 1786 gustati‘m
1688 1717 1898 1770 eadunt.

339 1817 457 1862 Non.
493 1821 598 1873 115,
623 1821 680 1860 33
729 1815 1067 1890 ‘guttatim.
1096 1816 1161 1860 ..'
1211 1815 1268 1860 cf.
1308 1815 1464 1873 Eurip.
1503 1816 1613 1861 Hes.
1655 1822 1739 1861 760
1786 1816 1899 1879 ὁρᾷς

223 1877 389 1933 νεκρὸν
420 1874 567 1933 τόνδ’,
587 1853 656 1920 οὗ
687 1873 954 1928 nectam-dgna
987 1873 1159 1930 δάκρυς
1699 1894 1701 1896 ·
1850 1904 1853 1908 J

339 1966 462 2009 hunc
494 1965 728 2010 Merceras
757 1963 865 2007 hine
898 1981 932 2007 ω
1021 1977 1158 2019 quem
1190 1963 1426 2009 Mercerus
1456 1978 1596 2021 quam
1627 1982 1662 2008 ω
1745 1964 1895 2009 lacru-

221 2026 345 2084 mae]
376 2037 508 2068 meae
540 2024 584 2067 L

224 2173 316 2227 Set
352 2178 644 2243 numquam
682 2173 943 2242 scripstiS,
983 2172 1082 2241 qui
1113 2176 1388 2242 parenizem
1427 2176 1520 2225 aut
1557 2173 1824 2242 h6spitem

221 2263 495 2332 Neeasset,
535 2281 639 2332 quo
681 2263 800 2332 quis
838 2262 1075 2314 cruciatu
1112 2261 1416 2331 perbiberet.

338 2364 457 2407 Non.
500 2368 604 2419 153,
638 2367 692 2407 28
750 2362 1088 2419 ‘perbitere,
1142 2361 1366 2419 perire..
1396 2362 1461 2406 ..’
1537 2362 1602 2407 Cf.
1657 2362 1892 2419 Euripidis

222 2422 330 2466 Hee.
365 2427 449 2466 802
473 2436 570 2478 sqq.

343 2514 364 2553 1
393 2509 600 2566 scripstis
626 2511 806 2556 Vossius
830 2508 1082 2566 scripsistis
1107 2527 1141 2552 ω
1203 2508 1285 2565 qui
1307 2509 1481 2554 Junius
1503 2508 1607 2564 quis
1624 2526 1658 2552 ω
1744 2514 1768 2551 2
1801 2522 1893 2563 quo

223 2568 326 2623 quis
359 2569 512 2613 Vrbin.
553 2583 667 2624 quos
707 2568 811 2624 quis
844 2585 879 2625 φ
919 2568 1044 2624 quod
1082 2568 1122 2612 is
1161 2570 1331 2613 conieci
1368 2568 1407 2612 is
1444 2581 1534 2623 quo
1567 2568 1806 2613 Pomanus

223 2626 431 2670 cruciatu
461 2627 635 2672 Junius
665 2626 898 2671 cruciatur
929 2645 963 2671 ω

1023 2723 1094 2769 ΙΧ

137 2819 220 2858 175
240 2803 382 2866 Quae
407 2804 507 2856 tibi
536 2805 592 2856 in
615 2805 872 2858 concubid
897 2805 1191 2857 uerecunde
1215 2805 1279 2885 et·
1291 2803 1495 2856 modice
1519 2805 1722 2856 morem
1739 2805 1892 2874 gerit.

339 2904 458 2947 Non.
492 2908 599 2959 342,
625 2908 680 2946 25
723 2903 1026 2948 ‘modicum
1064 2906 1244 2947 ueteres
1283 2903 1574 2947 moderatum
1612 2905 1659 2947 et
1692 2918 1891 2949 eommo-
