2020 3140
215 90 322 143 306
501 90 583 134 EX
612 90 889 135 INCERTIS
919 90 1320 135 INCERTORVM
1349 92 1603 138 FABVLIS

1012 229 1098 279 CV

211 306 451 376 Rapilint
486 324 582 375 per
619 307 789 359 undas
828 310 1014 359 elilrus
1054 308 1340 376 Suspens6s
1379 309 1501 376 equi

329 399 486 444 Cicero
525 399 659 445 Tuse
701 399 817 458 disp.
849 400 894 443 II
924 406 994 456 27,
1020 405 1075 444 67
1126 401 1205 444 ‘ut
1251 399 1375 444 enim
1421 400 1461 444 si
1507 402 1582 446 631
1626 403 1890 471 nauiganti‚

209 459 466 516 praedones
507 458 546 502 si
585 458 912 526 insequantur,
953 459 1067 503 (1633
1106 458 1187 515 qui
1227 458 1418 505 dixerit.
1459 459 1556 505 eice
1594 463 1642 506 te
1673 462 1731 506 de
1761 462 1889 519 naui,

208 521 396 574 praesto
437 520 508 562 est
545 518 627 574 qui
666 518 872 575 excipiat
907 518 985 562 uel
1018 518 1331 575 delphinus
1294 518 1464 563 ..uel
1495 520 1627 576 equi
1657 521 1891 588 Pelopis

208 577 304 620 1111
319 576 619 635 Neptunu
627 577 731 645 qui
754 591 853 634 per
874 578 1052 621 undas
1078 592 1273 622 currus
1299 592 1603 635 suspensos
1627 580 1891 637 rapuisse

210 635 498 693 dicuntur,
539 636 774 718 excipient
810 639 858 681 te
891 639 938 681 et
969 651 1060 693 quo
1092 636 1210 681 36113
1241 636 1497 694 perferent,
1541 653 1725 683 omnem
1755 639 1892 684 omit-

207 695 321 739 tatis
351 695 588 741 timorem:
629 695 721 740 sie’
756 710 793 741 e
828 711 870 752 q.
905 711 939 742 S.
1001 696 1219 741 Fortasse
1251 696 1540 742 Oenomaum
1568 697 1700 741 Accii
1731 697 1894 756 tetigit

209 754 389 801 Cicero:
422 755 479 800 ef.
511 755 620 800 hist.
653 758 774 813 trag.
801 760 901 799 440.

326 837 522 881 ludendo
560 838 724 892 effluxi
761 851 816 881 ex
850 836 1078 882 Ciceronis
1116 839 1282 883 verbis:
1322 839 1545 894 sequentis
1573 852 1726 884 versus
1757 839 1894 883 initio

207 894 434 951 Neptunii
464 897 607 951 fuisse
631 902 779 953 potest
999 962 1108 1010 CVI

208 1043 333 1098 Siue
370 1045 476 1098 ista
512 1046 687 1098 uirtus
725 1049 818 1099 3611
856 1047 1199 1099 latrocinium
1237 1046 1432 1116 (fuit),

206 1132 487 1187 Horrenda
523 1134 825 1187 miseranda
861 1134 967 1187 ista
1005 1135 1118 1187 siue
1158 1138 1239 1187 est
1277 1134 1573 1205 calamitae,

208 1222 363 1286 Quod
400 1224 654 1293 expulisti
693 1225 900 1277 33116103
938 1225 1114 1294 patrio
1153 1225 1263 1276 lare

249 1320 251 1323 ’
325 1316 562 1361 Charisius
592 1333 636 1375 p.
665 1318 822 1362 254P.
881 1319 987 1375 ‘per
1018 1317 1340 1384 epitropen:
1375 1316 1495 1360 siue
1527 1316 1668 1360 ista’
1703 1330 1741 1361 e.
1775 1331 1818 1372 q.
1853 1331 1890 1361 3

210 1376 287 1420 ((16
332 1376 520 1420 3013136
560 1377 841 1434 disceptatio
880 1380 973 1434 est,
1021 1391 1126 1420 6313
1162 1390 1236 1420 163
1276 1375 1340 1422 sit
1377 1375 1547 1432 palam.
1596 1375 1730 1419 huie’
1780 1374 1890 1432 (hie

207 1435 325 1493 cod.)
362 1436 669 1480 ‘aduersariis
707 1436 1022 1493 permittimus
1061 1450 1153 1492 quo
1188 1435 1340 1500 uelint
1368 1436 1508 1492 paeto
1538 1448 1710 1478 nomen
1739 1432 1890 1491 impo-

205 1508 334 1551 nere,
367 1497 422 1539 ut
453 1495 509 1539 de
543 1509 596 1540 eo
626 1496 785 1553 potius
817 1511 958 1551 quam
989 1497 1046 1539 de
1076 1509 1126 1539 re
1158 1494 1262 1552 ipsa
1293 1493 1511 1538 dubitare
1541 1493 1817 1538 uideamur)

327 1582 347 1619 1
383 1575 483 1620 siue
522 1576 617 1620 ista
654 1576 805 1620 uirtus
838 1591 919 1621 seu
951 1577 1153 1633 Keilius,
1187 1582 1430 1634 postquam
1460 1574 1560 1619 siue
1590 1574 1685 1618 ista
1715 1574 1891 1619 uirtust

141 1673 147 1680 .
207 1648 287 1678 seu
326 1636 555 1681 edideram
593 1636 691 1680 siue
731 1635 801 1680 ita
839 1636 990 1679 uirtus
1027 1635 1126 1679 siue
1156 1637 1251 1681 cod.
1371 1633 1672 1679 latrocinium
1704 1634 1889 1678 Keilias

205 1693 275 1738 ita
305 1694 569 1751 patrocinifi
601 1697 694 1740 cod.
787 1695 879 1739 fuit
903 1696 1097 1751 Keilias‚
1129 1709 1212 1739 om.
1245 1696 1339 1739 cod.
1373 1693 1498 1737 cluet
1521 1694 1755 1738 Baehrens
1777 1708 1887 1738 arm

199 1754 359 1810 philol.
387 1758 500 1798 1872
527 1770 574 1812 p.
602 1759 688 1799 623
780 1760 805 1798 2
837 1754 1069 1798 horrenda
1094 1768 1229 1811 prop.
1257 1755 1406 1798 cowll.
1433 1767 1541 1798 com.
1567 1751 1752 1796 CXXXI
1781 1753 1887 1795 hor—

204 1812 351 1856 rendfi
382 1815 476 1858 cod.
590 1813 858 1858 miseranda
889 1813 984 1857 ista
1013 1815 1250 1858 Baehrens
1284 1815 1340 1868 (v.
1373 1814 1435 1857 ad
1465 1828 1503 1857 v.
1540 1814 1582 1868 1)
1620 1811 1890 1855 miseranda

205 1874 299 1917 cod.
339 1871 654 1917 miserandum
686 1874 869 1918 Keilias
988 1872 1087 1916 siue
1128 1874 1199 1916 est
1233 1870 1480 1915 calamitas
1511 1872 1577 1915 ed.
1604 1885 1678 1927 pr.
1711 1870 1773 1913 fia
1803 1872 1888 1928 (vel

205 1930 284 1989 fiu)
316 1936 370 1977 'e‘e
395 1932 610 1976 clamatis
634 1934 728 1978 cod.
753 1932 897 1976 fuisse
921 1931 1169 1976 clamitant
1194 1932 1390 1975 Keilias.
1423 1932 1476 1974 in
1497 1930 1665 1974 codicis
1687 1930 1889 1987 vestiyiis

206 1990 420 2035 deflenda
474 2005 574 2036 esse
627 1991 713 2036 631.
771 1993 907 2036 latere
948 1992 1093 2048 possit
1211 1990 1317 2034 latr.
1365 1988 1625 2045 horridum,
1670 1991 1675 2045 Ι
1719 1987 1887 2044 (siue)

204 2050 470 2095 miseranda
515 2050 663 2094 fertur
702 2064 803 2095 esse
842 2050 928 2094 631.
968 2051 1072 2094 Bae
1192 2054 1218 2093 3
1258 2048 1435 2092 insonti
1474 2048 1600 2104 quod
1642 2047 1890 2092 Fabricius

295 2109 516 2167 expulisti
547 2112 711 2167 scripsi
740 2108 952 2154 extulisti
983 2111 1077 2155 cod.

869 2220 1018 2269 CVII.
1060 2219 1222 2268 CVIII

117 2320 204 2358 200
221 2305 372 2375 Eam,
404 2304 731 2374 quam-nihil
762 2309 989 2374 36611333,
1021 2304 1260 2356 damnas:
1291 2302 1427 2353 bene
1455 2319 1615 2369 quam
1638 2299 1884 2351 meritam

1265 2408 1377 2443 esse
1415 2391 1680 2458 3111311133,

146 2498 150 2501 ’
220 2481 359 2534 Male
389 2500 605 2534 merere.
659 2482 715 2533 id
746 2481 889 2552 quod
919 2481 1022 2534 3613
1045 2480 1263 2549 prodest
1284 2477 1438 2543 nihil,
1467 2477 1523 2529 id
1546 2475 1689 2546 quod
1709 2473 1885 2526 363613

1267 2566 1454 2619 obest‘?

324 2663 456 2707 CVII.
490 2663 633 2708 CVIII
664 2662 823 2707 Cicero
857 2666 972 2707 orat.
1005 2665 1193 2717 49,166
1230 2661 1341 2704 ‘ut.
1392 2657 1755 2720 ‚intellegamus
1785 2667 1880 2696 non

206 2722 470 2776 quaesitum
509 2735 608 2766 esse
638 2736 900 2777 numerum,
942 2721 1024 2765 sed
1055 2722 1277 2764 secutum
1341 2695 1474 2771 Quod
1503 2715 1557 2758 fit
1585 2714 1701 2757 item
1730 2712 1780 2755 13
1810 2726 1880 2756 1-6-

205 2780 406 2824 ferendis
450 2780 715 2837 contrariis,
755 2782 809 2824 ut
846 2758 933 2824 illa
972 2782 1100 2835 sunt,
1141 2777 1310 2834 quibus
1339 2790 1435 2819 non
1463 2773 1601 2818 modo
1632 2785 1880 2815 numerosa

207 2839 377 2895 oratio,
426 2840 506 2883 sed
554 2839 698 2883 etiam
742 2853 903 2883 uersus
944 2837 1162 2882 efficitur:
1211 2850 1364 2880 eam.
1429 2832 1707 2877 ..damnas
1771 2844 1878 2874 oon-

206 2897 395 2941 demnas
435 2898 631 2954 diceret,
670 2898 751 2952 qui
788 2911 975 2941 uersum
1006 2895 1208 2953 effugere
1237 2887 1394 2937 uellet.
1438 2891 1612 2935 bene
1663 2887 1874 2934 ,obe‘st.
