2020 3140
190 103 298 157 296
476 102 557 147 EX
588 102 864 147 INCERTIS
894 102 962 146 IN
963 101 1295 147 CERTORVM
1324 102 1574 148 FABVLIS

188 235 435 291 minuitur,
473 237 546 280 ut:
594 235 788 278 saxea’
831 248 868 278 e.
902 249 943 290 q.
978 249 1012 279 s
1074 234 1203 278 Idem
1232 235 1410 292 VIlI6,
1437 240 1494 279 14
1542 237 1677 281 ‘sunt
1722 232 1869 282 etiam

190 295 422 351 quaedam
461 296 508 338 et
544 293 743 337 humiles
780 293 1135 350 translationes,
1174 296 1229 338 ut
1265 293 1315 337 id
1355 294 1412 338 de
1450 308 1542 351 quo
1572 296 1711 340 modo
1745 292 1854 342 dixi:

193 368 363 398 saxea
401 354 486 397 est
523 366 782 409 uerruca,
823 355 871 396 et
909 352 1158 397 sordidae?
1222 353 1394 397 Anecd.
1427 353 1571 399 Paris
1603 348 1858 409 Eckstenlii

190 429 233 470 p.
262 418 331 469 20,
357 417 383 456 5
419 410 643 468 ‘dignitas
674 411 901 455 minuitur
930 413 985 455 ut
1016 412 1209 455 saxea’
1245 425 1282 456 e.
1318 427 1359 468 q.
1394 427 1427 456 s.
1492 412 1557 458 Cf.
1592 413 1707 458 Cato
1740 411 1856 482 apud

191 471 393 516 Gellium
423 470 487 514 III
512 475 550 516 7.
612 471 829 514 Fortasse
861 484 885 514 e
915 473 1213 528 praetextata
1244 474 1364 515 sunt.

310 572 450 603 saxea
489 560 560 602 est
594 561 746 604 anecd.
780 560 955 615 Paris„
1000 560 1284 617 Quintiliani
1314 561 1408 605 loco
1431 566 1547 616 post.
1579 570 1618 617 ψ
1651 547 1756 606 saia
1787 561 1862 602 est

191 619 377 663 Monac.
418 632 579 662 saxum
613 620 685 662 est
714 619 918 663 Ambros.
953 632 1066 663 exea
1098 620 1169 662 est
1201 620 1293 664 loco
1324 633 1398 675 pr.
1431 620 1592 664 Bamb.
1625 615 1859 676 Arye‘ntor

191 679 326 722 exeat
357 677 543 722 Monac.
574 677 779 722 Ambros.

925 743 1130 791 LXXVI

189 826 376 880 Habeo
415 827 586 879 istanc
625 845 723 899 ego
763 827 1205 897 perterricrepam
1282 870 1818 881 .......

309 927 466 972 Cicero
492 929 607 973 orat.
630 933 699 984 49,
720 932 805 972 164
840 927 1006 972 ‘immo
1031 942 1141 972 uero
1165 927 1276 972 ista’
1304 929 1466 985 (uerba
1488 929 1602 974 bene
1627 927 1863 985 sonantia)

194 988 461 1043 ‘sequamur
492 986 886 1044 asperitatemque
916 986 1173 1044 fugiamus:
1205 987 1410 1032 habeo’
1446 1002 1483 1033 e.
1517 1004 1554 1042 q.
1590 1002 1623 1031 S.

306 1075 460 1119 istanc
506 1089 592 1133 ego
631 1078 794 1133 scripsi
837 1075 980 1120 istam
1018 1090 1104 1133 ego
1145 1075 1272 1121 Flor.
1313 1076 1414 1121 Pal.
1460 1077 1595 1122 Ottob.
1645 1089 1731 1133 ego
1770 1075 1866 1119 ista

190 1134 377 1179 Abrinc.
498 1135 572 1179 De
609 1137 870 1192 anapaestis
906 1135 1058 1179 habeo
1098 1137 1239 1179 istam
1277 1135 1391 1179 echo
1421 1151 1463 1192 p.
1495 1136 1708 1193 coyitavit
1738 1135 1862 1179 Buce

188 1207 275 1252 pro
306 1195 386 1238 illo
416 1193 568 1237 habeo
594 1200 776 1250 poterat
804 1208 955 1251 paueo
979 1208 1148 1250 ponere

910 1319 1142 1367 LXXVII

190 1444 556 1455 .....
632 1404 800 1474 genus
839 1407 1111 1455 auarumst
1148 1403 1444 1456 mulierum.

874 1491 905 1524 210
1158 1492 1189 1525 ³10

1015 1528 1046 1561 >ze

721 1599 849 1633 auro
887 1581 1129 1633 uendidit
1166 1581 1335 1633 uitam
1372 1581 1492 1633 uiri.

310 1680 466 1725 Cicero
500 1681 557 1724 de
588 1680 680 1725 inv.
712 1681 733 1724 I
765 1686 843 1737 50,
869 1686 926 1725 94
966 1681 1096 1739 (item
1126 1681 1270 1725 Iulius
1301 1681 1464 1726 Victor
1492 1697 1537 1738 p.
1562 1686 1649 1724 416
1673 1681 1749 1738 Η.)
1784 1680 1864 1737 ‘si,

193 1753 298 1783 cum
334 1741 487 1783 totum
525 1739 716 1784 debebit
754 1741 1017 1797 ostendere,
1059 1741 1115 1785 de
1145 1743 1278 1797 parte
1310 1740 1468 1796 aliqua
1498 1740 1736 1797 loquatur,
1776 1740 1866 1784 hoc

191 1798 351 1843 modo.
376 1797 673 1842 mulierum
697 1813 870 1856 genus
896 1813 1126 1843 auarum
1150 1802 1255 1855 est,
1279 1814 1404 1844 nam
1427 1798 1704 1856 Eriphyla
1727 1812 1864 1842 auro

191 1872 234 1901 u
260 1872 303 1901 11
329 1872 372 1902 11.
380 1858 393 1878 ’
444 1856 510 1902 Cf.
526 1857 704 1902 Verrin.
726 1859 791 1903 IV
808 1863 876 1915 18,
895 1863 964 1904 39.
1008 1858 1165 1902 Latini
1187 1858 1357 1916 tragici
1381 1858 1560 1903 verba
1546 1873 1595 1901 111
1619 1857 1691 1901 his
1715 1858 1864 1902 latere

193 1915 314 1959 vidit
344 1916 706 1974 Valckenarius,
739 1917 820 1973 qui
857 1919 1103 1974 utrumque
1134 1932 1318 1962 versum
1349 1917 1589 1961 coniunxit
1621 1917 1767 1961 altero
1799 1916 1866 1960 sic

193 1974 504 2020 conformato.
543 1976 682 2020 Nam
711 1976 847 2033 Erip
858 1976 1022 2033 hyle.
1103 1991 1272 2021 ,31110
1313 1991 1357 2020 11.
1390 1992 1432 2020 u.
1466 1991 1508 2021 u.
1573 1975 1781 2029 Quadrat
1820 1977 1869 2020 et

192 2034 281 2078 hoc
313 2036 361 2078 et
392 2048 588 2090 sequens
619 2035 674 2079 fr.
709 2035 770 2079 ad
801 2035 1037 2092 Epigonos
1068 2035 1220 2081 Accii:
1254 2035 1309 2080 cf.
1342 2035 1450 2080 hist.
1482 2037 1599 2092 trag.
1625 2039 1726 2079 492.

311 2127 334 2166 1
367 2122 614 2167 mulierum
642 2137 788 2180 genus
814 2138 1008 2168 auarum
1031 2126 1102 2168 est
1128 2124 1280 2170 Cicero
1311 2138 1505 2168 auarum
1528 2125 1599 2167 est
1621 2122 1867 2166 mulierum

192 2195 338 2248 genus
364 2183 688 2227 Valckenarius
711 2185 783 2239 (cf.
808 2184 1053 2250 Bruymari
1078 2184 1103 2227 l
1131 2185 1157 2227 l.
1176 2198 1224 2239 p.
1252 2185 1324 2240 21)
1416 2188 1441 2226 2
1473 2181 1622 2226 uitam
1652 2181 1869 2225 uendidit

191 2240 282 2283 uiri
312 2241 545 2299 Anyelom.
584 2240 732 2285 uitam
771 2241 862 2284 uiri
900 2241 1115 2286 uendidit
1150 2243 1296 2287 Tross.
1336 2241 1427 2285 11111
1465 2241 1615 2285 uitam
1651 2240 1868 2285 uendidit

193 2316 227 2356 φ
261 2306 301 2344 et
331 2301 485 2344 Iulius
517 2301 671 2345 Victor

897 2366 1153 2414 LXXVIII

105 2460 189 2500 145
895 2450 1127 2519 prudens
1166 2451 1219 2502 et
1256 2450 1426 2502 sciens

193 2534 278 2587 Ad
315 2537 519 2605 pestem
559 2541 679 2590 ante
720 2538 901 2591 oculos
937 2539 1167 2607 positam
1245 2580 1608 2591 .....

312 2635 470 2680 Cicero
504 2638 563 2680 ad
594 2637 701 2682 fam.
727 2639 791 2683 VI
815 2644 862 2694 6,
889 2643 914 2682 6
949 2638 1133 2694 ‘itaque
1165 2639 1242 2682 uel
1274 2638 1426 2682 officio
1458 2637 1534 2681 uel
1565 2637 1691 2680 fama
1724 2636 1861 2679 bono

194 2708 295 2737 rum
331 2695 408 2738 uel
446 2696 621 2798 pudore
661 2696 834 2754 uictus,
874 2699 928 2740 ut
958 2697 1008 2740 in
1038 2697 1212 2741 fabulis
1243 2696 1639 2754 AmphiaraUS,
1681 2694 1746 2737 sic
1779 2708 1865 2751 ego

193 2753 474 2807 piudens.
525 2755 806 2811 .positam
838 2770 939 2799 sum
967 2756 1235 2812 profectus’

314 2846 336 2883 1
363 2791 533 2886 Maliin
554 2843 755 2899 prudens
782 2843 931 2887 sciens
955 2850 1008 2888 ut
1029 2845 1124 2888 Ter.
1149 2844 1335 2889 eunuch.
1364 2846 1431 2898 72,
1459 2841 1664 2886 Ciceroni
1685 2842 1870 2897 reliquit

196 2898 514 2944 Mendelssohn
