1980 3146
201 90 307 145 102
839 88 899 134 Μ.
931 88 1230 134 PACVVIVS

314 221 484 266 Festus·
523 237 567 278 p.
601 226 686 265 273
717 222 777 265 M.
859 221 1258 265 ‘redantruare
1311 220 1483 265 dicitur
1534 220 1585 264 in
1639 219 1869 265 Saliorum

198 280 584 326 exultationibus:
618 294 723 324 oum
743 279 932 337 praesul
954 279 1254 336 amptruauit,
1286 280 1412 336 quod
1435 282 1507 324 est
1527 281 1680 324 motus
1705 278 1868 335 edidit,

197 339 242 385 ei
278 339 538 384 referuntur
574 338 777 384 inuicem
813 338 938 383 idem
967 340 1121 382 motus
1150 365 1207 371 —
1236 338 1500 384 Pacuius:
1538 339 1647 396 pro’
1683 351 1721 382 e.
1755 353 1797 394 q.
1831 352 1866 382 s.

196 399 315 443 Non.
365 403 469 453 165,
508 403 561 442 18
612 398 1045 455 ‘redandruare,
1091 397 1242 441 redire
1286 398 1539 455 (reddere
1584 397 1656 441 vir
1701 397 1744 442 d.
1794 411 1866 453 ap.

199 457 543 514 Quicheratum)
662 457 712 501 P.
747 456 939 514 Chryse:
972 456 1172 501 Graecos
1202 455 1322 500 nihil
1351 471 1412 500 m.
1443 457 1498 500 r.’

316 544 336 581 1
386 538 690 594 promerenda
738 539 929 583 Vrsinus
972 539 1335 595 interpumatione
1372 543 1478 595 post
1522 537 1676 596 gratia
1715 538 1870 594 posita

196 599 315 653 (cum
346 596 484 640 simul
513 598 751 656 co‘niwnyit
779 598 898 652 Bue)
930 597 1270 654 proaererenda
1291 598 1385 642 cod.
1471 601 1496 640 2
1528 612 1592 642 an
1617 596 1868 641 uidebam?

286 655 486 700 Graecos
519 657 703 701 Nouius
792 655 910 699 nihil
942 674 977 700 ω
1069 662 1094 700 3
1126 656 1438 700 redandruare
1469 656 1652 701 Nouius

959 766 1103 814 XVII

195 880 208 890 .
241 884 251 895 .
291 845 450 912 atque
489 860 637 895 eccos
675 843 813 895 unde
851 844 1134 896 certiseent
1173 886 1183 896 .
1217 887 1227 897 .

311 935 430 979 Non.
463 935 613 996 89521
651 935 1012 993 ‘ce1·tissant‚
1047 938 1174 980 certa
1205 937 1351 981 fiant.'

313 1018 452 1072 atque
485 1018 654 1073 Vrbin„
685 1018 914 1062 Reatinus
945 1031 1095 1073 aquae
1126 1035 1161 1074 φ
1282 1017 1528 1062 certiseent
1561 1019 1742 1063 Vossius
1772 1030 1868 1061 oer-

194 1074 363 1120 tissent
393 1093 427 1120 ω
459 1075 711 1120 certisoant
746 1077 988 1134 Quicherat
1018 1075 1262 1121 certiscam
1292 1079 1406 1122 coni.
1439 1092 1472 1122 x

946 1187 1115 1235 XVIII

195 1305 382 1317 .....
421 1263 681 1334 fugimus,
720 1264 812 1332 qui
851 1266 964 1316 arte
1002 1263 1102 1316 hac
1139 1264 1417 1317 nescimur.

310 1356 428 1401 Non.
460 1361 562 1412 415,
587 1361 644 1400 34
679 1356 861 1400 ‘uesci
893 1356 1036 1400 etiam
1067 1356 1301 1414 significat
1330 1357 1401 1401 uti
1427 1357 1514 1401 ...²

311 1436 392 1492 qui
420 1438 528 1493 fort.
559 1439 796 1483 delendum
825 1440 894 1484 vel
922 1439 975 1483 iu
1005 1452 1094 1493 que
1126 1440 1394 1483 mutandum
1482 1438 1598 1481 haec
1634 1437 1742 1482 GH

969 1541 1086 1588 XIX

193 1614 399 1684 Perque
450 1619 688 1670 nostram
743 1618 1013 1688 egregiam
1065 1617 1492 1686 unanimitatem,
1550 1635 1710 1686 quam
1762 1635 1867 1669 me-

297 1763 305 1772 ·
1248 1707 1419 1760 m6ria
1456 1706 1672 1775 (nulla)

107 1774 191 1813 110
209 1762 442 1835 Delugat

310 1857 429 1902 Non.
449 1862 547 1914 101,
566 1863 621 1902 27
642 1859 655 1880 ‘
669 1859 797 1903 deiu
805 1873 960 1916 gare,
986 1859 1249 1916 deiungere,
1267 1873 1495 1916 separare,
1514 1859 1789 1904 dissociare.
1808 1896 1815 1903 .
1834 1861 1862 1904 .'

193 1914 321 1959 Idem
355 1922 451 1973 142,
477 1922 531 1961 31
569 1918 915 1963 ‘memoriam
944 1918 1150 1974 positum
1178 1933 1262 1975 pro
1294 1919 1562 1963 uetustate.’

313 2002 336 2041 1
375 2012 584 2044 oaeswrae
629 2000 806 2056 quidem
851 2000 1183 2057 transponendo
1228 1999 1585 2044 unanimitatem
1631 1999 1867 2057 egregiam

193 2058 477 2114 consulatur,
507 2059 585 2102 sed
610 2059 668 2114 cf.
696 2063 778 2102 123
869 2058 1023 2119 (neo)
1054 2058 1278 2103 memoria
1302 2060 1524 2116 proposui
1613 2065 1638 2102 2
1671 2059 1866 2116 defugat

194 2115 237 2157 L
263 2131 310 2171 p.
339 2121 422 2160 142
510 2130 683 2173 perque
717 2117 835 2177 (te)
867 2117 1087 2162 Nostram
1119 2131 1156 2163 e.
1189 2132 1233 2162 u.
1266 2133 1309 2173 q.
1342 2133 1400 2162 m.
1435 2117 1627 2174 deiugat
1658 2118 1759 2162 Bue

980 2228 1074 2277 XX

197 2298 289 2353 Set
326 2303 470 2355 cesso
510 2303 846 2356 inimicitiam
883 2304 1188 2375 integrare?

311 2395 428 2439 Non.
464 2401 561 2453 127,
587 2402 615 2441 4
650 2396 985 2455 ‘integrare,
1018 2397 1334 2454 redintegrare
1362 2398 1448 2444 ...³

320 2477 461 2535 Vulyo
490 2479 587 2522 sine
617 2479 931 2537 interrogandi
959 2480 1089 2537 siquo
1122 2480 1285 2537 leyitwr

971 2582 1086 2628 XXI

195 2652 266 2705 Di
314 2656 580 2708 m6nerint
634 2657 855 2709 meliora
900 2658 1060 2726 atque
1108 2658 1392 2710 amentiam
1429 2654 1863 2728 {auerrunoasssnt

1247 2748 1395 2797 tuam
1405 2746 1416 2796 !

312 2827 447 2871 Pauli
470 2828 633 2873 Festus
659 2844 703 2885 p.
730 2834 814 2873 373
839 2831 899 2873 M.
952 2831 1337 2885 ‘uerrunoent,
1362 2830 1560 2873 uertant.
1608 2829 1860 2875 Pacuuius:

195 2883 268 2926 di'
303 2899 340 2929 e.
372 2901 415 2941 q.
449 2901 483 2930 s,
549 2887 622 2930 ‘id
661 2891 732 2932 est
770 2889 1070 2933 auertissent’
1106 2887 1438 2946 (auertissint‘?)
1485 2888 1630 2931 Varro
1671 2888 1727 2931 de
1766 2888 1796 2932 1.
1828 2888 1858 2932 l.
