1980 3146
811 85 862 140 Q.
894 85 1120 131 ENNTVS
1738 84 1810 137 65

250 221 368 265 Non.
411 224 518 275 232,
552 224 607 264 25
665 219 995 264 ‘aduorsum
1046 232 1230 263 rursum
1282 218 1410 276 apud
1463 217 1700 275 significat
1724 253 1733 262 .
1762 254 1771 262 .

131 279 310 325 Ennius
342 279 502 324 Telefo
528 315 539 324 .
564 314 575 324 .
618 279 631 300 ’

254 374 277 412 1
309 368 392 413 ted
422 367 577 424 ipsum
608 381 680 426 op.
712 368 801 412 hoc
833 369 941 413 olim
969 368 1238 424 scripseram
1328 370 1355 410 2
1388 365 1614 410 aduorsus
1645 381 1679 411 ω

252 458 502 501 Praeterea
548 456 610 500 ad
653 455 776 500 hanc
822 455 1036 500 fabulam
1072 453 1291 499 revocavi
1330 454 1419 499 inc.
1451 467 1573 498 nom.
1605 454 1811 500 XXVIII.

134 517 298 571 XXIX,
330 516 421 560 inc.
453 516 543 560 inc.
574 515 669 559 fab.
703 514 1012 559 XIV—XVII.

804 667 1147 716 THYESTES

258 781 446 811 τηετις
471 768 580 811 acta
603 765 726 810 ludis
749 763 1102 822 Apollinaribus
1127 777 1167 809 a.
1186 767 1294 809 585:
1319 763 1477 809 Cicero
1502 764 1630 810 Brut.
1655 771 1726 821 20,
1746 770 1815 811 78.

965 860 991 908 Ι

135 945 232 1000 Set
269 964 354 999 me
384 944 580 1015 Apollo
618 946 711 1015 spe
744 944 984 1014 delectat,
1025 944 1207 997 ductat
1235 944 1463 1013 (dictis)
1493 944 1801 1014 Delphicus.
1818 958 1903 997 295

254 1047 373 1091 Non.
414 1051 492 1103 97,
526 1051 582 1090 32
639 1045 980 1102 ‘delectare,
1034 1043 1247 1100 inlicere,
1302 1045 1564 1090 adtrahere.
1637 1044 1816 1090 Ennius

133 1106 381 1150 Theeste
406 1142 416 1150 .
444 1142 453 1150 .
481 1106 510 1150 .’
575 1105 873 1163 (Thoeeste
904 1104 1018 1149 olim
1049 1103 1275 1160 scriptum
1303 1103 1426 1162 fuit.)

256 1208 338 1251 spe
362 1195 465 1238 Bae
487 1193 588 1251 ipse
611 1211 647 1238 ω
671 1193 800 1251 ipsus
824 1194 1022 1238 Bothius
1111 1191 1252 1236 dictis
1274 1194 1424 1250 suppl.
1454 1192 1640 1250 Onions,
1673 1207 1755 1239 om.
1781 1211 1816 1238 ω

228 1267 308 1310 spe
342 1253 547 1298 delectat
576 1253 704 1297 laeta
734 1254 1010 1298 conieceram
1106 1252 1313 1308 Tradita,
1344 1258 1398 1297 ut
1426 1266 1542 1310 quae
1571 1258 1675 1298 eret.
1708 1254 1816 1298 dim.

133 1327 239 1358 eum
276 1318 436 1370 tetrap.
476 1314 612 1358 troch.
652 1313 787 1358 catal.
826 1313 1059 1368 expleant,
1098 1312 1272 1356 mutari
1307 1317 1427 1357 vetat
1458 1312 1686 1357 Vahlenus
1719 1314 1816 1357 ind.

139 1375 255 1415 1888
258 1372 313 1431 se
341 1386 388 1428 p.
416 1376 441 1415 9
949 1436 1002 1484 Π

138 1520 247 1574 Sed
284 1521 491 1573 sonitus
529 1520 673 1572 auris
710 1519 855 1572 meas
893 1519 1089 1588 pedum
1126 1519 1286 1588 pulsu
1323 1519 1576 1589 increpat.

260 1621 379 1665 Non.
414 1625 516 1677 255,
541 1625 597 1664 25
632 1621 912 1676 ‘crepare,
943 1619 1114 1664 ferire.’

943 1759 1022 1807 ΙΠ

139 1842 227 1897 Ibi
266 1843 397 1913 quid
434 1847 559 1914 agat
597 1861 777 1896 secum
814 1843 1018 1914 cogitat
1055 1844 1243 1912 pensat
1279 1847 1448 1913 putat.

262 1945 381 1990 Non.
415 1949 516 2000 369,
541 1947 597 1988 25
632 1944 881 2001 ‘putare,
914 1943 1070 1988 animo
1103 1943 1343 2001 disputare
1370 1944 1458 1990 ...’

266 2032 444 2090 cogitet
474 2033 592 2078 LW
701 2035 870 2089 pensat
898 2034 1063 2090 scripsi
1099 2034 1236 2089 parat
1268 2050 1302 2077 ω
1340 2032 1519 2089 paritat
1547 2034 1652 2079 Bae
1689 2037 1823 2079 curat

144 2093 487 2138 Studemwnclus
516 2093 678 2136 uorsat
708 2092 862 2137 Luchs
1067 2123 1081 2133 .

139 2285 439 2349 Quemnam
483 2288 536 2337 te
583 2303 695 2338 esse
741 2284 935 2355 dicam,
982 2279 1092 2354 qui'
1113 2285 1264 2337 tarda
1301 2284 1359 2338 in
1397 2286 1667 2339 senectute
1707 2287 1816 2339 -P

264 2385 422 2430 Cicero
447 2387 562 2431 orat.
588 2390 658 2442 55,
686 2390 771 2430 184
803 2387 1104 2441 ‘quamquam
1134 2385 1279 2430 etiam
1309 2399 1338 2430 a
1359 2385 1510 2430 modis
1534 2386 1818 2443 quibusdam

144 2447 288 2489 cantu
325 2447 501 2489 remoto
542 2444 696 2488 soluta
735 2457 835 2488 esse
874 2443 1093 2488 uideatur
1131 2444 1317 2489 oratio.
1382 2459 1613 2512 ,quorum
1644 2445 1820 2490 similia

146 2506 255 2547 sunt
301 2504 533 2559 quaedam
577 2502 722 2547 etiam
766 2502 891 2560 apud
935 2505 1140 2559 nostros,
1194 2504 1327 2547 uelut
1371 2503 1456 2548 illa
1499 2503 1550 2548 in
1594 2504 1820 2562 Thyeste.

145 2563 418 2618 quemnam’
454 2576 491 2607 e
518 2577 560 2618 q.
587 2577 622 2607 s
658 2563 731 2606 ‘et
761 2575 881 2618 quae
913 2564 1188 2617 sequuntur:
1221 2575 1354 2619 quae,
1385 2562 1479 2606 nisi
1509 2577 1615 2606 cum
1643 2563 1822 2608 tibicen

147 2621 365 2676 accessit,
413 2620 637 2665 orationis
678 2623 786 2664 sunt
824 2620 1006 2665 solutae
1045 2619 1317 2665 simillima’
1381 2621 1437 2665 cf.
1470 2621 1691 2666 Varronis
1730 2624 1818 2666 sat.

147 2681 254 2736 περὶ
297 2677 528 2746 ἐξαγωγῆς
567 2680 692 2737 apud
730 2679 848 2723 Non
882 2684 988 2736 336,
1015 2684 1070 2723 27
1112 2680 1387 2735 ‘quemnam
1425 2682 1475 2724 te
1515 2694 1614 2724 esse
1653 2680 1820 2737 dicam,

146 2738 246 2782 fera
278 2738 359 2794 qui
388 2753 530 2783 manu
561 2738 782 2796 corporis'
817 2751 853 2782 e.
880 2753 922 2794 q.
950 2753 984 2782 s.

268 2829 506 2871 senectute
533 2844 589 2872 ω.
621 2832 725 2872 arcte
754 2827 949 2871 vocalem
977 2827 1030 2871 in
1059 2828 1358 2872 continuitate
1388 2840 1678 2873 numerorum
1706 2827 1823 2882 ferri

143 2888 312 2941 potuit.
346 2888 533 2930 senecta
563 2887 760 2930 Bothius

213 3001 218 3008 ,
241 2967 265 3000 S
268 2976 372 3000 ccccc
396 2976 497 3007 poes.
520 2968 629 3002 Rom.
651 2968 784 3009 fragm.
809 2967 864 3001 ed.
889 2968 1082 3000 Bumncx.
1532 2964 1560 3002 5
