1980 3146
751 84 812 129 M.
845 83 1142 130 PACVVIVS
1683 85 1789 139 103

110 219 196 263 VII
221 223 304 262 102
328 217 389 262 M.
441 218 591 274 ‘apud
621 216 865 262 Pacuium:
900 217 973 260 di’
1009 231 1046 262 e.
1076 233 1118 274 q.
1146 232 1178 261 s.
1231 217 1309 261 ‘ab
1344 218 1595 262 auertendo
1629 232 1790 262 auer-

114 277 381 322 runoare.'
444 277 564 321 Non.
598 281 705 332 507,
730 281 786 320 26
829 276 1097 320 ‘moneris
1132 290 1215 334 pro
1247 276 1493 321 monueris.
1555 277 1787 321 Pacuuius

114 335 356 380 Armorum
398 334 818 380 iudicio...idem
856 335 1049 392 Chryse:
1098 335 1154 379 di
1191 335 1475 380 mouerint
1511 335 1784 382 meliora.’

114 394 397 452 (chrysace
449 394 596 451 Leid.)
673 394 802 439 Idem
842 399 918 449 74,
959 399 1014 438 22
1073 395 1499 451 ‘auerruneare‚
1563 397 1786 440 auertere.

111 453 364 498 Lucilius
396 453 492 498 lib.
525 470 652 498 xxm:
693 453 774 496 di'
817 467 854 497 e.
889 468 931 509 q.
967 468 1000 497 s,
1067 453 1324 498 ‘Pacuuius
1355 454 1493 498 Medo
1524 454 1692 520 [XVH]
1725 455 1786 499 M.

112 511 334 613 Tfullius
384 513 448 557 de
487 512 705 573 finibus
744 512 1017 556 bonorum
1056 515 1111 556 et
1147 512 1439 558 malorum:
1489 513 1562 556 d1’
1604 527 1640 558 e.
1674 528 1717 569 q.
1752 529 1786 558 s,

114 585 171 615 o.
205 572 358 616 coroll.
392 572 527 616 XLII.

230 659 306 703 dei
344 662 564 706 Varronis
589 660 715 704 Flor.
749 660 807 703 de
839 660 904 704 W
921 674 970 716 p.
997 663 1081 703 507
1169 658 1422 703 minuerint
1452 666 1493 704 et
1522 660 1788 705 maluerunt

111 718 296 764 Nonius
340 735 381 776 p.
419 724 474 763 74
519 717 738 762 minerint
769 719 834 763 W
850 733 899 775 p.
935 723 1019 762 507
1142 720 1282 774 atque
1330 733 1413 764 om.
1455 719 1665 765 Lucilius
1709 735 1784 778 ap.

111 778 318 823 Nonium
357 793 405 835 p.
439 782 495 822 74
614 779 999 822 auerrunoassent
1044 777 1224 822 Paulus
1342 779 1474 821 tuam
1518 792 1600 824 om.
1643 780 1787 825 Varro

108 850 262 881 meam
292 838 474 882 Nonius
498 851 547 894 p.
575 841 631 880 74

232 924 492 969 Referenda,
521 924 740 969 videntur
771 925 833 969 ad
863 925 983 969 hane
1015 924 1226 969 fabulam
1256 924 1344 969 ino.
1370 924 1464 969 fab.
1490 925 1640 970 me.
1665 927 1784 971 XIV.

108 983 206 1029 XV.
238 983 326 1028 ine.
360 983 448 1029 ino.
479 983 574 1029 fab.
606 984 815 1040 Lxxm;
847 997 932 1028 nee
965 983 1120 1028 aliena
1152 984 1211 1028 ab
1245 984 1409 1028 eadem
1438 983 1527 1030 inc.
1559 984 1654 1029 fab.
1686 986 1785 1032 XII.

107 1043 258 1088 xma.
291 1043 408 1088 XIX.
441 1043 578 1088 XXH.
613 1043 773 1088 XXIH.

724 1197 1156 1246 DVLORESTES

223 1294 515 1338 Dononusms
547 1294 642 1338 fere
674 1293 797 1338 libri.

928 1375 954 1422 I

900 1458 1252 1527 hymenaeum
1290 1457 1527 1511 fremunt

102 1543 391 1616 Aequzileffi
428 1547 549 1599 aula
587 1546 788 1599 resonit
826 1546 1031 1615 crepitu
1070 1546 1287 1599 musico.

219 1647 338 1692 Non.
364 1651 464 1703 505,
491 1652 513 1690 1
551 1646 729 1691 ‘sonit
758 1660 841 1703 pro
875 1648 1011 1691 sonat
1036 1683 1044 1691 .
1065 1682 1075 1691 .
1093 1681 1106 1692 .
1125 1647 1152 1691 .’
1187 1647 1335 1704 Prope
1362 1647 1533 1692 absunt
1557 1648 1616 1691 ab
1645 1647 1781 1692 Euri-

101 1705 254 1762 pideis
286 1706 336 1749 in
367 1706 516 1763 Iphig.
550 1706 685 1751 Taur.
712 1710 796 1750 355

716 1762 910 1822 Ἀργεῖαί
940 1780 989 1808 τε
1022 1771 1109 1808 νῦν

367 1825 590 1882 ὑμνοῦσιν
622 1822 930 1881 ὑμεναίοισιν·
964 1825 1173 1868 αὐλεῖται
1205 1822 1255 1867 δὲ
1287 1831 1384 1868 πᾶν

367 1881 618 1941 μέλαθρον.

221 1976 246 2014 2
281 1971 389 2015 aula
421 1972 621 2030 Scaliyer
652 1985 764 2014 aura
795 1989 829 2015 ω

914 2066 966 2113 II

101 2149 330 2202 Gnatam
370 2150 671 2219 despondit,
708 2150 910 2219 nuptiis
948 2149 1084 2202 hano
1125 2149 1214 2202 deit
1253 2150 1405 2202 diem.
1779 2163 1865 2204 115

216 2250 336 2296 Non.
370 2255 469 2306 522,
496 2254 519 2292 7
560 2249 732 2293 ‘diem
763 2250 941 2305 uolunt,
974 2264 1078 2294 cum
1108 2250 1331 2294 feminino
1363 2264 1531 2307 genere
1564 2250 1774 2308 dicimus,

98 2312 281 2376 tempus
337 2309 618 2389 significare,
673 2309 930 2353 masculino
977 2309 1101 2354 diem
1145 2309 1317 2366 ipsum:
1371 2323 1455 2353 nos
1503 2311 1664 2354 eontra
1705 2310 1777 2355 in-

99 2381 310 2412 uemmus
339 2404 372 2412 ..
395 2405 402 2411 .

218 2459 402 2513 gratam
433 2457 510 2500 Ba

900 2522 977 2569 m

98 2605 374 2675 Responsa
412 2606 681 2675 explanat:
720 2605 937 2658 maindat
974 2624 1039 2658 ne
1079 2604 1243 2658 matri
1277 2605 1391 2656 fuat

102 2693 467 2765 Cognoseendi
505 2713 760 2764 umquam
799 2697 891 2746 aut
930 2694 1215 2746 contuendi
1254 2694 1420 2762 eopia.

215 2795 334 2839 Non.
370 2800 468 2850 111,
494 2801 520 2839 6
557 2795 752 2852 ‘fuam‚
786 2794 875 2838 sim
904 2793 980 2837 uel
1011 2794 1151 2837 fiam.’

219 2888 242 2926 1
275 2897 332 2927 ne
364 2884 537 2928 Junius
567 2898 639 2927 me
672 2901 705 2927 ω
826 2882 987 2926 matris
1019 2884 1278 2940 suspicatur
1306 2883 1444 2938 fuisse
1475 2882 1578 2928 Bue
