2010 3146
119 1783 173 1823 65

208 103 279 156 26
896 102 948 156 Q.
979 100 1206 146 ENN'IVS

205 251 404 293 purum
440 237 698 292 putum..
719 237 853 279 ,tum
891 234 941 277 in
973 234 1022 288 Q.
1061 247 1245 290 quoque
1276 233 1415 278 Ennii
1452 234 1718 292 tragoedia,
1759 249 1878 291 quae

208 294 478 339 inscribitur
507 294 801 338 Alexander.’

327 375 586 421 Catamidio
620 377 801 420 Vossius

324 456 494 512 Aliquo
522 455 659 499 huius
682 455 872 500 fabulae
897 455 999 500 loco
1017 455 1279 500 Cassandra
1303 454 1475 499 dixisse
1497 459 1654 523 potest
1675 457 1764 502 inc.
1790 456 1879 502 inc.

207 516 299 560 fab.
317 515 391 560 IX.
439 515 686 559 Praeterea
711 515 772 559 ad
796 528 900 558 eam
921 514 1232 571 probabiliter
1253 514 1550 558 referuntur
1536 530 1625 560 inc.
1649 530 1771 561 nom.
1797 517 1883 560 XII

208 575 283 619 et
270 588 357 619 inc.
372 574 461 618 inc.
474 574 568 619 fab.
579 574 633 620 X.
658 574 728 617 Ex
743 574 937 631 prologo
956 576 1190 631 sumptum
1207 587 1307 617 esse
1325 573 1502 618 conieci
1513 573 1601 619 inc.
1616 574 1704 620 inc.
1719 575 1813 620 fab.
1825 575 1879 621 V

554 713 1023 762 ANDROMACHA
1060 714 1148 761 ΑΕ
1155 713 1530 762 OHMALOTIS

322 819 538 862 Formam
575 818 707 862 tituli
737 818 1042 862 Ammaous
1077 817 1290 862 indicant
1320 818 1546 862 librorum
1578 818 1879 875 corruptelae.

207 877 271 922 Cf.
306 877 463 922 Cicero
505 877 562 921 de
601 880 695 934 opt.
728 891 832 935 gen.
867 891 929 922 or.
963 882 1010 934 6,
1038 882 1091 921 18
1125 877 1182 921 de
1215 877 1361 923 diuin.
1394 878 1415 921 I
1447 883 1523 933 12,
1549 882 1604 921 23
1637 878 1780 922 Acad.
1813 892 1879 934 pr.

205 937 248 980 H
274 941 318 994 7,
346 942 414 981 20.
477 936 597 980 Acta
637 938 709 980 est
747 936 870 980 ludis
909 935 1260 993 Apollinaribus
1301 951 1341 982 a.
1378 941 1462 981 700
1500 939 1621 980 teste
1664 935 1881 981 Cicerone

207 996 268 1039 ad
298 995 507 1040 Atticum
537 995 603 1039 IV
635 1001 711 1052 15,
738 1001 778 1041 6.

253 1188 263 1197 .
297 1188 306 1198 .
339 1163 505 1198 annos
544 1146 743 1199 multos
781 1147 1076 1217 longinque
1115 1146 1182 1198 ab
1224 1146 1380 1199 domo

205 1233 416 1286 Bellum
455 1238 698 1306 gerentes
737 1239 1006 1288 summum
1044 1254 1251 1288 summa
1289 1235 1553 1287 industria

322 1336 441 1380 Non.
466 1341 574 1393 402,
601 1341 626 1380 3
662 1336 975 1393 ‘summum,
1013 1335 1287 1393 gloriosum,
1328 1335 1569 1380 laudabile
1596 1372 1604 1380 .
1633 1372 1641 1380 .
1670 1373 1677 1381 .
1704 1336 1880 1379 Ennius

205 1395 559 1440 Andromaca
589 1396 728 1439 haec
759 1396 905 1439 malo
933 1396 1019 1440 ...'
1084 1396 1213 1439 Idem
1237 1399 1343 1451 515,
1371 1400 1425 1439 14
1468 1394 1803 1452 ‘longinque
1834 1397 1883 1439 et

204 1454 407 1511 longiter
436 1469 520 1511 pro
551 1455 703 1512 longe.
758 1454 961 1499 Accius
993 1454 1382 1499 Andromache
1415 1453 1622 1498 eimalo
1650 1456 1736 1499 ...'
1787 1454 1883 1511 (ei-

204 1513 354 1558 mala
385 1514 566 1572 Bamb.)

325 1593 346 1631 1
382 1601 410 1631 a
442 1588 580 1632 domo
612 1588 796 1633 Nonius
819 1603 868 1645 p.
903 1590 1002 1632 515·

1021 1683 1072 1730 Π

206 1766 610 1820 Andromachae
648 1785 845 1820 nomen
885 1767 977 1836 qui
1015 1766 1234 1836 indidit,
1273 1769 1413 1819 recte
1452 1766 1660 1820 indidit.

321 1869 468 1913 Varro
508 1868 566 1912 de
605 1868 634 1912 1.
667 1867 698 1912 l.
730 1868 817 1912 VII
841 1873 896 1912 82
928 1868 988 1912 M.
1055 1867 1199 1924 ‘apud
1238 1867 1458 1913 Ennium:
1506 1868 1878 1912 Andromachae’

205 1940 242 1971 e.
275 1942 317 1983 q.
352 1943 385 1972 s,

319 2003 444 2046 recte
477 2000 521 2045 ei
551 1999 725 2044 indidit
757 2000 885 2046 Flor.
1000 2067 1078 2114 ΠΙ

206 2193 400 2204 ......
426 2152 518 2204 sed
556 2151 708 2221 quasi
746 2151 947 2203 ferrum
986 2153 1079 2203 alit
1117 2150 1253 2220 lapis

206 2238 399 2308 Durat,
437 2243 677 2292 rarenter
713 2239 975 2310 gemitum
1015 2241 1238 2291 conatur
1275 2238 1490 2290 trahens

321 2332 440 2377 Non.
468 2338 566 2389 515,
585 2338 640 2376 27
668 2334 952 2377 ‘rarenter
971 2370 978 2377 .
996 2371 1003 2377 .
1022 2369 1030 2377 .
1049 2331 1225 2375 Ennius
1242 2332 1590 2376 Andromacha:
1617 2331 1715 2375 sed'
1733 2344 1770 2376 e.
1785 2346 1826 2386 q.
1843 2345 1876 2375 s,

326 2417 349 2455 1
383 2413 517 2468 quasi
540 2413 714 2456 ferrum
736 2412 1029 2458 BaH2PW
1046 2411 1182 2468 quasi
1206 2414 1289 2456 aut
1311 2411 1484 2456 ferrum
1507 2429 1541 2469 φ
1635 2417 1659 2455 2
1686 2413 1880 2456 conatur

205 2471 387 2515 trabem
418 2490 451 2516 ω
485 2474 654 2515 conatu
684 2472 874 2516 trahens
905 2474 974 2517 vel
1004 2473 1199 2515 conatur
1229 2485 1421 2528 grauem
1453 2471 1695 2516 Fruterius

1004 2597 1077 2644 IV

208 2678 346 2741 Qui‘d
383 2679 482 2731 fit‘?
532 2680 720 2732 seditio
759 2680 996 2748 tabetne,
1036 2699 1103 2732 an
1140 2683 1388 2731 numeros
1428 2678 1678 2748 augificat
1716 2677 1876 2729 suos?

205 2828 282 2872 fit
321 2771 946 2828 Non.76,1‘augificat,
980 2775 1134 2829 auget.
1182 2771 1359 2814 Ennius
1383 2770 1729 2814 Andromacha:
1762 2769 1876 2824 quid

317 2843 354 2872 e.
387 2844 429 2884 q.
464 2844 497 2874 s.

322 2901 513 2946 tabetne
545 2903 735 2959 Lipsius
766 2903 959 2946 tabesne
992 2921 1026 2947 ω
1138 2916 1352 2946 numeros
1384 2902 1561 2946 Aldina
1590 2915 1805 2945 numerus
1840 2920 1874 2946 ω
