1980 3146
819 124 868 168 L.
902 122 1110 168 Accivs
1697 121 1806 173 229
1851 176 1854 178 .

929 263 999 310 XI

131 349 285 404 Satin
324 353 441 402 astu
481 352 534 402 et
570 348 802 401 fallendo
843 347 1036 400 callet?
1810 359 1898 398 475

243 451 363 495 Non.
390 455 490 506 258,
517 455 542 493 5
578 448 783 492 ‘callet
815 447 1050 505 significat
1082 447 1170 491 scit
1196 483 1234 492 ..
1258 484 1266 491 .
1291 446 1458 491 Accius
1483 445 1716 490 Aeneadis
1738 483 1744 490 .
1770 482 1777 489 .
1798 481 1807 490 .

127 509 254 554 idem
284 510 334 552 in
364 508 704 566 Neoptholemo
732 545 738 551 .
761 544 768 551 .
790 509 818 552 .'

248 597 374 641 satin
404 598 469 642 W
494 597 628 654 sagin
663 596 817 641 GHL
875 581 879 584 “
919 661 1015 708 XH

127 747 253 814 'Vbi
307 748 385 800 nil
439 750 624 800 contra
679 746 974 798 orationem
1028 763 1251 814 aequam
1303 745 1516 814 habuit,
1578 743 1811 796 adsensit

1190 833 1365 885 silens,

246 938 365 982 Non.
393 941 493 991 469,
519 940 574 979 15
609 933 896 979 ‘adsensit
927 935 999 978 est
1029 936 1077 978 et
1104 933 1379 992 passiuum.’

247 1026 316 1069 nil
354 1026 550 1070 Bothius
587 1023 720 1069 nihil.
739 1041 772 1067 ω
895 1023 1153 1067 orationem
1187 1023 1476 1068 Passeratius
1513 1022 1744 1066 rationem
1774 1039 1809 1066 ω

218 1099 417 1141 aequam
449 1084 692 1130 Fmterius
723 1085 771 1126 et
802 1096 943 1138 quam
974 1100 1008 1126 ω
1101 1081 1309 1126 adsentit
1339 1082 1417 1126 Ba

906 1193 1028 1240 XIII

393 1265 485 1318 sed
524 1264 777 1333 quesdam

246 1359 511 1403 Priscianus
548 1374 592 1414 p
627 1361 713 1401 960
736 1356 786 1400 Ρ
852 1355 1199 1400 ‘accusatiuum
1242 1355 1386 1400 etiam
1424 1370 1540 1411 quos
1579 1369 1694 1411 quas
1733 1354 1812 1398 uel

133 1433 282 1475 ques

247 1455 406 1543 Addas
446 1498 558 1541 licet
597 1498 684 1542 inc
724 1497 813 1540 inc.
853 1496 948 1541 fab.
980 1497 1064 1541 III:
1104 1509 1348 1553 perperam
1388 1495 1500 1540 olim
1531 1495 1812 1539 Troadum

129 1562 178 1604 et
208 1559 472 1603 Hecubae
502 1556 726 1612 reliquias
758 1554 964 1600 adiunxi.

769 1680 1120 1728 TROADES

954 1784 980 1830 I

127 1870 443 1924 Nocturnan
482 1887 609 1921 saxo
647 1869 830 1939 fruges
867 1868 1080 1920 frendas
1118 1867 1382 1920 torridas?

249 1970 435 2014 Servius
466 1970 583 2013 Dan.
616 1969 667 2013 in
696 1969 809 2013 Aen.
842 1969 864 2011 1
890 1973 974 2012 179
1017 1969 1090 2012 ‘et
1126 1970 1301 2012 torrere
1331 1970 1503 2024 parant
1532 1967 1731 2012 flammis
1763 1970 1812 2012 et

128 2030 342 2087 frangere
382 2030 514 2087 saxo]
554 2028 746 2084 quidam
784 2040 843 2071 ne
873 2025 1068 2084 υστερον
1097 2027 1324 2084 πρότερον
1356 2026 1439 2083 8113,
1473 2026 1590 2070 alios
1620 2028 1812 2083 torrere‚'

130 2089 249 2133 alios
288 2088 502 2145 frangere
535 2087 783 2144 accipiunt.
845 2085 1013 2130 Accius
1045 2086 1342 2130 Troadibus.
1363 2087 1420 2131 ..’
1483 2086 1602 2130 Νο11.
1628 2091 1729 2142 447,
1753 2063 1811 2130 20⁷

133 2148 421 2191 ‘frendere
470 2147 646 2191 alicubi
693 2160 798 2189 cum
842 2144 1020 2202 gemitu
1062 2145 1140 2189 uel
1185 2123 1429 2190 iracundia
1469 2144 1690 2189 miserum
1727 2147 1812 2190 aut

129 2207 288 2250 minax
321 2220 519 2250 sonare.
601 2204 802 2250 Accius
834 2204 1118 2250 Troadibus.
1152 2219 1284 2249 saxo
1316 2204 1510 2260 fruges
1540 2204 1807 2248 frendas?

246 2297 506 2338 nocturnan
535 2243 699 2350 scripsi
727 2294 1003 2336 nocturnam
1028 2293 1148 2338 Cass.
1238 2306 1324 2337 nec
1355 2292 1490 2335 furno
1521 2291 1630 2336 faxo
1661 2294 1807 2338 conie-

127 2369 276 2399 ceram
365 2353 553 2397 frendas
585 2353 770 2396 Nonius
798 2351 986 2409 franges
1018 2352 1201 2397 Servius

129 2548 234 2602 Sed
270 2551 452 2600 utrum
491 2551 730 2599 terraene
768 2547 962 2616 11161118,
1003 2547 1276 2599 sonitusne
1315 2545 1546 2597 inferum

126 2619 390 2689 Peruasit
412 2636 554 2688 auris
591 2635 733 2687 inter
770 2635 972 2687 tonitra
1010 2638 1063 2686 613
1099 2633 1378 2686 turbines?
1807 2646 1896 2686 480

246 2729 510 2774 Priscianus
541 2744 584 2785 p.
612 2733 697 2772 680
720 2728 770 2772 P.
806 2727 918 2771 ‘hoc
951 2741 1092 2771 cornu
1123 2740 1246 2784 genu
1277 2726 1470 2781 tonitru7
1502 2739 1622 2782 quae
1649 2728 1808 2770 tamen

130 2788 445 2844 antiquissimi
459 2787 784 2868 ²inueniuntur
821 2786 871 2829 in
909 2800 988 2829 um
1026 2799 1209 2841 quoque
1247 2785 1533 2843 proferentes
1563 2784 1614 2828 in
1645 2785 1809 2829 eodem

130 2861 299 2903 genere
326 2884 451 2892 .....

250 2928 389 2971 lsed
421 2930 472 2972 in
502 2942 667 2973 rasura
699 2930 790 2983 (pr.
822 2941 879 2970 m.
911 2939 1004 2970 ‘non
1037 2927 1188 2983 liquet)
1221 2926 1360 2971 Hazb.
1465 2928 1676 2969 terraene
1704 2925 1807 2969 Bue
