1980 3146
843 82 900 136 Q.
932 82 1156 127 ENNIVS
1777 82 1843 134 71

167 217 275 261 ille
306 216 456 260 alter
486 215 543 259 in
578 215 786 272 Chryse
906 215 1052 271 Atqui
1083 214 1203 259 dixit
1231 214 1437 260 Accius
1479 215 1587 274 [inc.
1619 215 1714 260 fab.
1746 215 1842 274 V].’

170 277 278 321 Non
306 274 458 331 Accii,
499 277 552 319 ut
587 274 639 319 G.
672 274 964 319 Hermannus
1004 288 1159 332 opusc.
1190 274 1234 318 V
1259 279 1343 318 142
1381 273 1552 332 voluit,
1593 274 1669 318 cui
1699 274 1846 318 Lach-

169 350 365 379 mannus
404 334 454 378 in
492 334 624 378 Lucr.
655 334 676 378 I
709 338 793 379 778
832 333 1061 391 adsensit,
1110 334 1192 378 sed.
1230 333 1371 377 Ennii
1408 348 1465 378 ex
1502 333 1751 388 Achille,
1793 336 1846 378 ut

169 394 374 449 videtur,
422 407 580 437 versus
627 406 727 437 esse
775 407 880 436 cum
924 392 1029 449 ipsa
1067 392 1300 438 Ciceronis
1347 392 1491 437 verba
1537 392 1706 437 docent
1743 395 1846 436 tum

166 453 376 510 genetivi
398 451 663 497 Hectoris
695 467 737 496 v.
764 457 850 496 325
881 465 1118 497 mensura:
1151 452 1207 497 cf.
1234 451 1365 496 Accii
1395 451 1485 497 inc.
1517 451 1612 497 fab.
1637 451 1842 508 XXXVI,

168 512 309 556 Ennii
340 527 381 556 v.
416 516 470 556 92
490 526 556 567 sq.

289 599 311 637 1
344 592 600 638 Patricoles
630 603 668 649 ψ
714 591 1010 651 Patroclesx
1160 597 1185 636 2
1220 593 1439 649 oppetam
1476 593 1616 638 Rern.
1655 608 1712 638 m.
1748 594 1842 649 alt„

166 667 290 698 unus
324 653 468 698 Ooeon.
495 653 626 697 Leid.
716 610 1010 695 mandatamZ
1020 668 1055 694 ω
1088 651 1250 695 datam
1279 652 1516 696 Bentleius
1613 651 1723 697 Post
1751 667 1791 698 v.
1818 657 1843 695 2

165 718 210 757 et
240 717 266 755 3
299 714 488 757 lacwnas
516 712 681 756 statui:
711 711 769 766 cf.
801 711 950 755 coroll.
975 709 1167 754 XXXIV
1259 715 1285 754 6
1315 709 1439 766 potis
1464 711 1660 755 Bothius
1687 713 1846 768 potest

167 789 203 815 ω
324 775 350 815 8
382 772 598 828 paratum
628 770 865 815 Bentleius
985 774 1010 813 9
1044 768 1259 825 eloquere
1289 782 1484 826 propere
1515 770 1742 828 Berykius

168 835 224 875 10
255 829 379 886 potis
411 830 634 874 Davisius
662 830 821 886 potest
851 845 886 872 ω
988 833 1040 872 11
1075 842 1229 872 acrem
1258 842 1340 874 om.
1374 830 1464 874 duo
1499 828 1666 886 Oneon„
1700 830 1841 875 Bent-

166 891 293 946 leius‚
326 889 525 945 defendit
554 889 780 947 Berykius
969 953 1047 1001 HI

749 1039 811 1090 eo
850 1055 948 1108 ego
988 1037 1203 1108 ingenio
1242 1039 1400 1091 natus
1439 1057 1578 1091 sum:

164 1125 421 1197 <Aeque>
490 1127 781 1179 amicitiam
850 1126 1010 1195 atque
1078 1126 1415 1179 inimicitiam
1482 1127 1541 1180 1‘n
1608 1127 1842 1180 frontem

1225 1217 1530 1285 promptam
1567 1234 1709 1287 gero.

285 1309 462 1353 Gellius
493 1309 600 1352 XIX
623 1313 665 1365 8,
691 1314 716 1353 6
753 1308 1076 1352 ‘inimicitiam
1106 1311 1265 1353 autem
1297 1308 1347 1363 Q.
1381 1309 1594 1353 Ennius
1626 1309 1683 1352 in
1713 1309 1838 1354 illo’

165 1368 409 1424 (Achille
442 1368 559 1413 coni.
591 1371 640 1425 x)
682 1367 1183 1412 ‘memoratissimo
1222 1367 1398 1412 libro'
1418 1368 1578 1435 (loco
1619 1367 1840 1414 Oiselius.

166 1427 223 1471 cf.
261 1427 405 1472 ‘liber
434 1427 571 1471 Acci’
605 1428 728 1471 Pers.
761 1427 783 1470 I
809 1430 880 1493 76)
915 1426 1072 1472 ‘dixit·
1106 1440 1182 1483 eo,
1214 1427 1382 1483 inquit,
1414 1426 1622 1484 ingenio’
1657 1441 1694 1472 e.
1728 1443 1770 1484 q.
1805 1443 1838 1472 s.

164 1486 346 1530 Nonius
377 1502 421 1543 p.
449 1492 549 1543 129,
576 1491 632 1530 26
667 1485 1009 1530 ‘inimicitia
1039 1499 1232 1530 numero
1264 1485 1504 1543 singulari.
1552 1486 1758 1532 Ennius.

164 1545 232 1590 Cf.
265 1545 455 1590 Homeri
485 1546 537 1590 Π.
570 1545 634 1589 ΙΧ
657 1549 742 1589 312
785 1545 953 1607 ἐχθρὸς
991 1543 1078 1619 γάρ
1118 1562 1197 1602 μοι
1235 1552 1387 1596 κεῖνος
1426 1544 1546 1619 ὁμῶς
1576 1546 1723 1591 Ἀΐδαο
1752 1546 1841 1590 πυ-

164 1608 310 1663 λῃσιν,
340 1603 419 1656 Ὅς
450 1603 494 1662 χ’
524 1603 681 1660 ἕτερον
712 1603 796 1661 μὲν
827 1603 979 1663 κεύθῃ
1012 1601 1083 1649 ἐνὶ
1114 1606 1292 1661 φρεσίν,
1325 1603 1435 1648 ἄλλο
1466 1603 1518 1648 δὲ
1552 1604 1671 1663 εἴπῃ.
1718 1605 1842 1650 Nam

165 1677 223 1707 ex
253 1663 482 1707 Achille
512 1664 630 1708 haec
662 1677 845 1719 quoque
875 1650 1095 1707 videntur
1126 1665 1311 1720 sumpta
1343 1677 1455 1707 esse.

285 1751 308 1788 1
326 1760 386 1803 sq.
426 1746 654 1790 trochaeos
683 1746 944 1790 etiamnunc
967 1745 1172 1801 praetuli
1201 1745 1463 1811 anapaestis
1493 1746 1743 1790 elumbibus
1772 1747 1841 1791 vel

164 1805 325 1849 laceris
445 1818 531 1861 ego
572 1818 653 1848 om.
690 1804 865 1848 Gellius
984 1808 1009 1847 2
1049 1802 1259 1847 amicitia
1295 1803 1433 1848 modo
1468 1802 1766 1848 inimicitiam
1796 1805 1840 1849 L

164 1864 314 1908 Nonii
343 1862 639 1906 inimicitiam
671 1864 812 1918 atque
843 1861 1100 1906 amicitiam
1129 1864 1238 1907 olim
1261 1863 1400 1919 posui
1516 1862 1669 1908 fronte
1704 1863 1836 1909 Grut.

162 1922 316 1967 Palat.
346 1922 497 1977 Gellii,
529 1922 678 1966 Nonii
701 1922 904 1978 Montep.
936 1920 1107 1965 frontei
1130 1936 1164 1966 x
1242 1924 1563 1978 expromptam
1594 1922 1839 1969 Fruterius

253 1984 425 2038 eo'ego
457 1980 646 2038 ingenio
676 1980 828 2024 Natus
861 1995 982 2026 sum:
1015 1979 1272 2024 amicitiam
1302 1995 1336 2025 e.
1370 1996 1408 2038 q.
1440 1996 1474 2026 s.
1508 1982 1610 2026 Bue

965 2089 1038 2138 IV

309 2169 347 2237 †
370 2167 520 2221 Meae
558 2168 669 2219 tam
706 2167 850 2235 potis
887 2167 1032 2236 pacis
1069 2166 1234 2236 potiri
1840 2133 1926 2246 ἓξὲξ

279 2261 443 2305 Festus
475 2277 518 2318 p.
546 2265 631 2305 360
655 2260 716 2303 M.
754 2259 956 2315 ‘antiqui
985 2261 1102 2303 tam
1132 2259 1276 2304 etiam
1305 2274 1388 2317 pro
1420 2262 1580 2305 tamen
1610 2261 1684 2328 usi
1715 2265 1836 2320 sunt,

161 2322 215 2363 ut
239 2346 293 2351 —
317 2320 516 2366 Ennius:
548 2319 630 2363 ille
653 2320 810 2363 meae’
838 2332 875 2362 e.
902 2333 945 2374 q.
972 2333 1004 2364 s.
1054 2319 1316 2375 (Achille·
1348 2333 1502 2363 meae
1535 2319 1835 2367 conieceram.

157 2378 220 2422 in
251 2379 456 2423 Nemea
487 2379 606 2436 Bue)

281 2460 348 2504 Et
391 2461 570 2505 numeri
606 2460 770 2504 incerti
806 2465 847 2504 et
883 2461 1019 2504 verba
1148 2459 1229 2503 ille
1267 2472 1399 2503 meae
1436 2460 1554 2504 cod..-
1599 2475 1639 2505 v.
1678 2475 1834 2518 supra

161 2517 246 2562 illa
276 2533 350 2562 me
375 2520 672 2564 Hei-mannus
702 2519 815 2563 conl
850 2519 966 2563 Ewr
993 2518 1102 2563 Hec.
1131 2523 1215 2561 277
1306 2517 1356 2561 111
1378 2517 1494 2562 belli
1516 2517 1676 2563 limine
1704 2520 1710 2578 Ι
1737 2522 1838 2564 tam

158 2592 203 2633 P
235 2592 278 2633 P
311 2593 355 2634 p
389 2580 558 2624 conieci
588 2579 735 2624 cowll
768 2577 938 2620 XXXV

977 2657 1024 2703 V

159 2734 381 2805 Hector,
421 2734 512 2804 qui
550 2734 692 2787 haud
730 2737 896 2786 cessat
935 2733 1266 2786 obsidionem
1306 2733 1578 2787 obducere.
1780 2713 1785 2717 .
1837 2750 1925 2790 330

279 2828 442 2871 Festus
481 2843 525 2884 p.
555 2833 636 2872 198
669 2828 730 2871 Μ.
796 2828 809 2849 ‘
822 2841 847 2870 o
857 2826 887 2870 b
899 2826 1046 2870 sidio
1056 2842 1087 2870 n
1097 2840 1121 2870 e
1130 2842 1177 2870 m
1229 2826 1386 2883 potius
1441 2826 1689 2871 dicendum
1735 2842 1834 2873 esse

162 2900 305 2941 quam
337 2886 571 2930 obsidium
601 2886 798 2930 adiuuat
827 2899 910 2930 nos
942 2885 1210 2930 testimonio
1239 2900 1322 2930 suo
1346 2886 1382 2929 E
1392 2901 1461 2929 nn
1470 2886 1488 2930 i
1497 2901 1527 2930 u
1538 2901 1557 2931 s
1590 2886 1647 2930 in
1671 2887 1707 2931 T
1718 2887 1768 2932 el
1778 2902 1806 2932 a
1815 2914 1834 2922 -
