2020 3140
198 99 306 152 292
484 99 566 143 EX
594 99 661 143 IN
664 99 870 144 CERTIS
900 98 1302 144 INCERTORVM
1330 99 1583 145 FABVLIS

195 245 285 288 que
325 234 492 275 cetera.
553 246 665 275 nam
703 231 933 276 eiusmodi
972 233 1081 275 sunt
1119 231 1163 275 ei
1199 245 1381 289 uersus,
1421 235 1475 277 ut
1511 232 1561 277 in
1596 234 1778 289 tempus
1811 232 1871 276 ab

196 290 386 334 inimico
433 290 625 347 Pompei
671 290 834 347 scripti
880 304 979 334 esse
1025 290 1287 335 uideantur.
1336 291 1392 335 Si
1436 292 1642 348 neque’
1689 305 1726 335 e.
1760 306 1803 347 q.
1837 306 1872 336 s.

199 350 273 394 ‘et
304 351 458 394 cetera
487 363 658 406 magno
692 364 796 393 011111
826 349 1016 393 fremitu
1048 352 1096 393 et
1127 349 1328 394 elamore
1360 352 1470 394 sunt
1500 349 1640 394 dieta.
1704 350 1874 394 Caesar

196 423 302 452 011111
337 407 544 452 uenisset
583 410 766 452 mortuo
796 408 987 465 plausu,
1027 408 1163 452 Curio
1195 408 1319 452 filius
1351 411 1423 453 est
1452 409 1703 454 insecutus.
1764 409 1874 453 huie

193 467 263 511 ita
300 467 519 524 plausum
549 469 641 524 est,
681 469 735 511 ut
767 468 900 512 salua
929 481 978 512 re
1009 467 1201 524 publiea
1230 467 1451 525 Pompeio
1481 467 1646 525 plaudi
1677 468 1873 512 solebat.

194 525 306 570 tulit
344 526 514 570 Caesar
549 525 769 583 grauiter.
831 526 1021 571 litterae
1061 526 1268 584 Capuam
1309 528 1369 570 ad
1403 526 1677 584 Pompeium
1713 527 1875 571 uolare

195 584 482 629 dicebantur.
543 584 723 629 inimici
754 588 888 630 erant
920 585 1172 642 equitibus,
1205 585 1287 642 qui
1311 585 1499 630 Curioni
1531 588 1709 630 stantes
1738 586 1872 643 plau·
2016 627 2020 634 ‚

195 646 365 700 serant,
397 645 555 688 hostes
589 644 835 689 omnibus.’
899 644 1115 690 Valerius
1145 644 1377 689 Maximus
1409 645 1474 689 VI
1498 650 1545 701 2,
1572 650 1597 688 9
1633 643 1875 702 ‘Diphilus
2012 638 2020 700 ξ

194 703 461 760 tragoedus,
493 718 598 747 011111
621 703 972 760 Apollinaribus
1003 703 1126 747 ludis
1150 703 1273 748 inter
1297 706 1455 748 actum
1479 704 1540 748 ad
1564 717 1670 747 eum
1691 718 1877 748 uersum
2017 704 2020 720 ³

196 761 426 819 uenisset,
464 761 516 805 in
553 777 645 818 quo
680 763 797 807 haee
829 762 1063 807 sententia
1093 762 1377 808 continetur:
1416 762 1648 807 miseria
1678 765 1877 807 nostra

195 835 427 878 magnus
476 823 569 878 est,
617 822 814 866 derectis
856 822 907 865 in
943 822 1217 879 Pompeium
1256 822 1481 879 Magnum
1517 822 1735 866 manibus
1773 836 1877 879 pro-

196 879 455 937 nuntiauit,
487 883 826 937 reuocatusque
858 880 1139 936 aliquotiens
1172 895 1200 925 a
1230 881 1403 938 populo
1437 881 1535 925 sine
1565 881 1665 925 ulla
1689 884 1877 925 cuneta-

195 939 323 984 tione
362 939 536 983 nimiae
575 939 711 983 illum
749 942 797 984 et
834 939 1146 984 intolerabilis
1177 940 1418 997 potentiae
1449 954 1580 985 reum
1609 942 1746 997 gestu
1775 954 1878 997 per-

198 1000 466 1042 seueranter
512 998 622 1055 egit.
695 1000 859 1043 eadem
903 999 1170 1056 petulantia
1214 1014 1324 1043 usus
1379 1001 1451 1043 est
1495 999 1546 1043 in
1593 1013 1649 1043 ea
1694 1013 1878 1055 quoque

195 1059 351 1113 parte:
383 1057 660 1102 uirtutem
690 1057 954 1103 istam...
980 1059 1199 1115 gemes)
1265 1057 1332 1103 cf.
1363 1058 1471 1102 hist.
1505 1060 1624 1115 trag.
1651 1063 1750 1102 545.

2001 425 2020 486 i

315 1158 340 1196 2
370 1166 532 1210 gemas
555 1154 727 1199 Valerii
749 1155 889 1199 Bern.
983 1159 1009 1197 3
1034 1156 1317 1200 octonarium
1339 1155 1582 1200 iambicum
1603 1156 1733 1199 habet
1755 1155 1877 1199 Bue:

197 1213 397 1257 trochaei
426 1214 545 1269 fiunt
575 1214 744 1258 inserto
776 1215 823 1257 te
849 1219 954 1270 post
982 1213 1110 1270 leges

957 1360 1119 1408 LXIV

216 1485 226 1496 .
267 1486 277 1496 .
316 1442 411 1495 ubi
448 1461 547 1496 1100
583 1442 964 1513 Pelopidarum
1000 1445 1142 1496 faeta
1179 1462 1350 1513 neque
1388 1443 1586 1496 famam
1625 1442 1849 1495 audiam.

317 1551 474 1596 Cicero
515 1551 576 1595 ad
614 1551 724 1597 fam.
750 1551 937 1608 V1130‚
966 1557 987 1595 1
1040 1551 1174 1595 ‘hine
1221 1551 1321 1608 ipse
1370 1551 1603 1595 euolare
1650 1550 1785 1608 cupio
1833 1552 1882 1595 et

200 1610 359 1667 aliquo
390 1610 646 1668 peruenire,
680 1610 778 1654 ubi
807 1624 908 1654 nee
938 1610 1345 1668 Pelopidarum
1373 1623 1573 1654 nomen
1599 1623 1700 1654 nee
1723 1609 1881 1654 faeta

200 1669 442 1714 audiam.
449 1670 462 1691 ’
510 1670 641 1713 Idem
672 1670 732 1713 ad
762 1669 871 1714 fam.
897 1670 983 1714 VH
1008 1675 1063 1714 28
1097 1669 1312 1727 ‘pedibus
1345 1683 1393 1713 es
1425 1671 1698 1713 consecutus
1729 1671 1783 1712 ut
1812 1667 1882 1712 ibi

200 1742 347 1786 esses,
386 1728 470 1773 ubi
507 1743 608 1773 1100
637 1729 1062 1786 Pelopidarum,
1106 1728 1232 1773 nosti
1271 1729 1458 1773 cetera.⁹
1521 1728 1651 1772 Idem
1690 1727 1751 1771 ad
1781 1727 1878 1773 Att

200 1787 286 1832 XV
310 1766 387 1844 1'1‚
413 1793 440 1831 3
475 1787 661 1843 ‘itaque
693 1787 782 1832 etsi
812 1802 871 1832 ne
904 1790 1044 1832 antea
1073 1787 1264 1844 quidem
1294 1786 1531 1843 dubitaui,
1571 1789 1730 1831 tamen
1758 1801 1882 1830 nune

201 1860 256 1891 eo
289 1825 458 1903 min'us,
491 1847 722 1891 euolare
753 1846 863 1891 hinc
893 1846 1035 1902 idque
1059 1861 1201 1902 quam
1222 1846 1435 1904 primum,
1467 1845 1565 1889 ubi
1597 1860 1696 1890 1100
1718 1845 1881 1890 Pelo-

200 1883 465 1962 pidaruni
495 1906 652 1950 faeta
682 1919 862 1972 neque
892 1905 1099 1950 famam
1130 1905 1388 1972 audi-am?
1438 1905 1504 1950 Of.
1536 1904 1662 1949 idem
1694 1905 1754 1948 ad
1783 1905 1880 1949 Att.

205 1964 268 2008 IX
293 1970 369 2021 10,
395 1970 420 2008 2
470 1964 596 2008 ((11οε
636 1967 684 2008 et
724 1964 875 2009 noetis
913 1967 1157 2021 tamquam
1196 1964 1295 2008 auis
1334 1964 1421 2008 illa
1458 1977 1585 2007 mare
1622 1966 1882 2020 prospecto,

203 2023 434 2067 euolare
466 2023 618 2080 cupio.
626 2024 638 2045 '
687 2024 817 2067 Idem
849 2023 910 2067 ad
939 2024 1037 2068 Att.
1068 2024 1175 2068 XIV
1222 2029 1290 2079 12,
1317 2029 1342 2067 2
1379 2023 1563 2078 ‘itaque
1595 2022 1719 2066 exire
1751 2036 1881 2078 aueo,

202 2082 300 2126 ubi
351 2096 452 2126 1100
504 2082 930 2140 Pelopidarum,
985 2082 1172 2139 inquit.²
1243 2060 1373 2126 Idem
1417 2082 1537 2126 Phil.
1576 2082 1684 2125 XIII
1714 2086 1792 2138 21,
1824 2086 1881 2124 49

209 2141 405 2185 ‘moueri
444 2141 631 2185 sedibus
669 2141 779 2185 huic
816 2141 922 2185 urbi
960 2141 1126 2185 melius
1168 2143 1239 2185 est
1276 2143 1418 2197 atque
1449 2140 1499 2183 in
1530 2140 1670 2197 alias,
1714 2140 1754 2183 si
1781 2118 1884 2184 'fieri

204 2200 374 2257 possit,
414 2202 561 2244 terras
594 2200 875 2257 demigrare,
908 2201 1031 2244 unde
1062 2199 1436 2244 Antoniorum
1465 2213 1565 2243 nee
1596 2199 1754 2242 faeta
1784 2212 1883 2243 nec

203 2273 401 2303 nomen
432 2259 655 2314 audiat,
687 2260 854 2315 quam’
890 2273 926 2303 e.
961 2274 1004 2315 q.
1038 2274 1072 2304 s.
1133 2258 1342 2316 Ascripsi
1371 2260 1514 2302 Atreo
1545 2257 1689 2303 Αο011.

323 2353 542 2398 euolandi
577 2356 704 2399 verbo
742 2357 794 2412 (e.
826 2369 861 2399 0.
903 2354 1084 2398 011010111
1121 2356 1258 2400 initio
1285 2357 1343 2411 v.)
1375 2369 1485 2398 num
1509 2359 1646 2410 poeta
1679 2367 1789 2397 usus
1819 2354 1880 2397 sit

205 2414 444 2458 incertum:
498 2415 672 2470 reliqua
726 2414 1059 2459 reconcinnavi.
1121 2415 1345 2471 inteqrum
1393 2427 1567 2458 versum
1613 2411 1695 2455 fibi
1740 2426 1783 2455 n.
1831 2411 1881 2454 P.

206 2485 374 2515 nomen
404 2486 489 2516 nec
520 2472 648 2516 facta
680 2474 762 2515 aut
792 2472 967 2516 famam
998 2487 1038 2516 a.
1069 2474 1179 2528 fecit
1208 2473 1404 2517 Bothius

981 2625 1115 2672 LXV

125 2721 207 2759 120
225 2709 539 2779 Thesprote,
577 2710 623 2762 si
662 2711 781 2779 quis
820 2709 1077 2779 sanguine
1120 2709 1361 2761 exortam
1399 2711 1493 2760 tuo

223 2797 437 2849 Prolem
474 2797 614 2850 inter
652 2817 767 2850 aras
807 2798 1140 2866 s<aerifieas>
1179 2814 1381 2849 sacram
1419 2794 1683 2862 immolet,

229 2884 367 2946 Quid
412 2886 634 2937 meritus
679 2885 766 2937 hio
804 2886 897 2954 sit,
945 2884 1302 2952 dubium<ne>
1341 2902 1406 2934 an
1446 2882 1693 2950 cuiquam
1732 2882 1883 2934 fuat?
