2010 3146
214 71 286 124 36
903 69 954 122 Q.
987 67 1212 114 ENNIVS

857 223 1246 271 EVMENIDES

1042 326 1069 373 I

129 427 213 467 132
230 411 382 480 <Ita>
419 411 604 479 sapere
644 410 804 479 opino
845 427 956 462 esse
997 410 1300 482 6ptumum‚
1338 414 1400 464 ut
1436 430 1534 481 pro
1572 411 1780 465 m‘ribus

215 497 412 552 Tacere
451 516 512 551 ac
550 497 781 550 fabulari
819 501 935 551 tute
973 498 1202 552 noueris,

334 599 453 643 Non.
479 603 582 655 475,
603 604 625 643 1
655 598 850 655 ‘opino
874 613 958 656 pro
983 598 1149 655 opinor
1167 636 1176 644 .
1197 637 1206 645 .
1229 636 1238 644 .
1256 599 1487 644 Pacuuius
1513 600 1705 658 Chryse:
1737 601 1897 646 inueni

217 658 387 715 opino
427 671 549 702 esse
583 660 872 715 optumum
904 657 1090 702 Orestes
1122 660 1176 702 ut
1206 659 1339 703 heres
1373 659 1455 703 sed.
1485 661 1656 704 tamen.
1718 660 1895 705 Ennius

214 716 575 763 Eumenidibus:
600 720 756 762 tacere
782 717 951 774 opino
977 731 1100 761 esse
1125 719 1434 774 optumum’
1455 732 1492 763 6,
1511 733 1554 774 q.
1574 733 1608 764 s.
1650 718 1895 775 (Orestes

313 778 602 833 optumum
641 791 728 821 om.
769 776 951 834 Bamb.)
1008 776 1064 822 cf.
1106 777 1327 834 Aeschyli
1364 777 1495 822 Eum.
1530 782 1615 822 277
1635 792 1700 834 sq.
1749 777 1898 837 λέγειν

217 835 335 881 ὅπου
368 834 474 892 δίκη
507 838 659 893 Σιγᾶν
691 833 745 880 θ’
782 833 960 890 ὁμοίως.

337 929 360 968 1
378 938 439 982 sq.
487 925 642 968 tacere
691 923 830 981 opino
879 938 979 968 esse
1027 927 1269 982 optumum
1308 927 1356 969 et
1394 938 1477 981 pro
1518 924 1696 969 uiribus
1736 939 1897 983 sapere

217 985 357 1039 atque
389 1001 438 1039 ω,
470 985 524 1028 i‘n
555 985 719 1041 quibus
749 986 803 1028 ut
829 998 916 1040 pro
949 985 996 1028 et
1027 999 1140 1030 corr.
1175 984 1378 1042 Scaliyer
1410 997 1571 1041 sapere
1603 998 1702 1029 esse
1736 985 1900 1042 opinor

217 1042 444 1100 optimum
473 1056 557 1099 pro
589 1041 790 1088 uiribus:
825 1043 997 1087 Tacere
1030 1057 1085 1087 ac
1117 1044 1314 1088 Bothius

1029 1184 1081 1231 H

215 1265 337 1320 Nisi
382 1270 589 1336 patrem
636 1268 878 1320 materno
930 1268 1187 1339 sanguine
1228 1267 1552 1321 exanclando
1590 1267 1900 1321 ulciscerem

217 1431 302 1471 466
334 1368 452 1412 Νο11.
485 1373 585 1424 292,
613 1372 668 1412 15
703 1368 1061 1426 ‘exanclare‚
1095 1368 1363 1413 effundere.’
1430 1368 1486 1413 cf.
1520 1368 1740 1426 Aeschyli
1766 1369 1897 1414 Eum.

325 1442 393 1483 sq.

333 1515 581 1560 ulciscerer
613 1516 903 1574 Montispess.

1022 1598 1100 1645 ΠΙ

134 1694 217 1734 135
238 1680 299 1734 Id
338 1699 437 1752 ego
477 1682 662 1735 aecum
701 1682 886 1734 fecisse
926 1682 1185 1751 expedibo
1226 1684 1385 1751 atque
1425 1681 1656 1751 eloquar.

335 1782 454 1826 Non.
496 1787 604 1838 505,
638 1786 664 1825 8
722 1782 1026 1839 ‘expedibo
1079 1796 1162 1839 pro
1219 1782 1477 1839 expediam.
1547 1780 1778 1839 Pacuuius

219 1841 424 1884 Accius
452 1878 461 1886 .
489 1878 498 1886 .
526 1878 534 1886 .
559 1840 736 1885 Ennius
769 1841 1127 1886 Eumenidibus:
1160 1841 1210 1884 id
1243 1843 1348 1899 ego’
1384 1855 1422 1886 e.
1448 1856 1491 1897 q.
1519 1855 1552 1885 s.

339 1943 501 1973 aecum
547 1929 702 1973 accius
748 1929 913 1974 fecisse
953 1947 987 1974 ω
1032 1943 1195 1974 aecum
1238 1944 1293 1974 ac
1332 1930 1404 1974 ius
1443 1929 1587 1974 fuisse
1631 1929 1900 1974 Gulielmius

222 1987 414 2043 eloquor
437 1989 500 2034 W
576 1989 626 2032 id
657 2002 743 2045 ego
774 1988 847 2032 ius
878 1991 1018 2045 atque
1045 2003 1206 2033 aecum
1233 1990 1459 2034 Vahleoms
1481 1990 1576 2034 ind.
1606 1988 1777 2046 1888s9
1797 2002 1845 2044 p.
1872 1991 1897 2030 8

1024 2129 1097 2176 IV

221 2210 356 2264 Dico
394 2212 586 2264 uicisse
626 2211 887 2265 Orestem:
925 2231 1023 2266 uos
1061 2213 1329 2265 facessite!

339 2311 457 2356 Non.
483 2317 583 2368 306,
609 2318 664 2357 28
700 2312 1009 2357 ‘facessere
1043 2313 1276 2370 significat
1306 2313 1552 2357 recedere.’
1603 2313 1706 2356 Huc
1737 2311 1897 2355 viden-

222 2371 299 2412 tur
342 2370 585 2415 referenda
630 2386 730 2416 esse
777 2386 896 2428 quae
942 2372 1068 2429 apud
1105 2372 1362 2416 Varronem
1408 2372 1465 2415 de
1509 2371 1538 2416 1.
1583 2372 1613 2415 1.
1653 2371 1718 2414 VI
1750 2375 1803 2414 61
1836 2371 1898 2414 Μ.

224 2427 462 2484 leguntur:
512 2430 665 2475 ‘dico
705 2430 932 2488 originem
968 2431 1114 2475 habet
1154 2431 1413 2475 Graecam.
1443 2468 1450 2475 .
1480 2468 1488 2475 .
1521 2430 1630 2474 hinc
1661 2429 1896 2474 Ennius:

225 2486 350 2530 dico
383 2487 489 2542 qui.
523 2488 631 2533 hine
663 2490 833 2546 dicare,
864 2489 974 2533 hinc
1005 2489 1244 2534 iudicare.’
1295 2489 1483 2534 Gonicio
1509 2489 1731 2546 scriptum
1755 2487 1897 2530 fuisse

225 2544 351 2588 dico
390 2545 613 2592 uicisse.
683 2548 803 2592 Huic
841 2548 995 2592 versui
1033 2548 1329 2605 praemisisse
1367 2548 1553 2592 videtur
1591 2546 1766 2590 Ennius
1806 2546 1895 2590 inc.

223 2617 345 2647 nom.
393 2604 554 2649 XVIII.
619 2607 674 2651 cf.
722 2607 941 2664 Aeschyli
985 2608 1116 2651 Eum.
1161 2612 1266 2653 752:
1321 2607 1440 2664 ἀνὴρ
1487 2606 1561 2651 ὅδ’
1612 2605 1897 2662 ἐκπέφευγεν

225 2661 418 2725 αἴματρς
449 2665 598 2720 δίκην.
651 2664 774 2710 Ἴσον
804 2665 892 2723 γάρ
925 2666 1019 2710 ἐστι
1048 2664 1323 2724 τάρίθμημα
1354 2673 1446 2711 τῶν
1476 2666 1649 2709 πάλων.

345 2750 573 2796 Orestem:
619 2767 702 2797 uos
748 2753 965 2797 facessite
1004 2755 1220 2810 Bothus,
1267 2755 1320 2798 in
1357 2754 1520 2810 quibus
1557 2751 1798 2807 facessite,
1846 2758 1898 2797 ut

226 2808 390 2865 legitur
418 2812 470 2854 in
494 2812 663 2867 Vrbin„
692 2814 889 2868 praeivit
910 2813 1095 2857 anius.
1149 2813 1224 2857 De
1255 2813 1431 2856 Latina
1459 2812 1656 2855 nominis
1689 2810 1897 2854 Orestem

225 2866 374 2920 forma
410 2870 509 2913 vide
547 2870 842 2915 Ritschelium
878 2884 1025 2927 opusc.
1058 2871 1123 2914 II
1146 2875 1232 2915 487
1263 2871 1370 2915 adn.
1419 2868 1613 2913 Oresten
1643 2869 1893 2927 (horestem
