1980 3146
137 84 239 137 148
465 104 467 106 ·
771 81 832 125 M.
866 79 1166 125 PACVVIVS

908 219 1047 266 XXV

1056 296 1337 348 consilium
1378 296 1521 348 cicur

999 546 1002 548 ’
1058 524 1207 575 milla
1244 542 1328 576 res

135 613 248 668 Nec
287 614 521 666 cicurare
559 614 732 681 neque
771 613 972 665 mederi
1011 613 1155 681 potis
1194 615 1273 664 est
1311 630 1484 680 neque
1522 610 1762 681 refigere.

255 730 403 773 Varro
444 729 501 772 de
542 728 647 773 1.1.
686 728 771 772 VH
811 733 864 772 91
906 729 967 772 Μ.
1041 729 1195 785 ‘apud
1240 727 1486 772 Pacuium:
1539 727 1673 771 nulla
1718 728 1815 770 rcs'

138 803 175 832 6.
209 804 250 844 q.
287 804 319 832 s.
371 787 654 832 ‘cicurare
693 788 972 843 (cicorare
1003 788 1142 831 Flor.
1115 815 1142 845 ‚s
1173 787 1533 830 mansuefacere.
1541 787 1554 807 ’
1604 787 1819 830 Fortasse

137 861 411 904 responsum
442 847 503 890 ad
533 846 587 890 fr.
620 847 783 891 XXIV.

258 956 282 993 2
314 964 400 994 1166
432 951 760 995 Lachmawmts
790 963 942 1005 neque
975 968 1009 994 ω
1110 917 1268 1007 p0t¹est
1300 950 1350 993 F
1434 949 1626 1006 refigere
1657 949 1823 1004 scripsi

137 1010 325 1114 rseficere
372 1027 407 1054 ω
460 1009 685 1066 refingere
740 1016 948 1054 suaserat
1001 1010 1329 1054 Lachmannus
1381 1022 1479 1052 rem
1531 1008 1717 1051 reficere
1763 1007 1821 1051 A.

168 1071 406 1127 penyelius

892 1178 1081 1225 XXVII

53 1286 138 1324 390
157 1269 261 1322 Sed
285 1288 406 1322 cum
431 1269 687 1322 contendi
704 1270 987 1338 nequitum
1010 1268 1083 1339 u1',
1107 1269 1244 1321 clam
1269 1269 1532 1322 tendenda
1556 1270 1637 1321 est
1651 1268 1825 1339 plaga.

257 1386 421 1429 Festus
467 1400 512 1441 p.
548 1390 631 1429 162
664 1385 724 1428 M.
793 1384 1118 1440 ‘nequitum
1179 1387 1227 1429 et
1279 1384 1550 1440 nequitur
1601 1398 1685 1440 pro
1731 1398 1826 1428 non

138 1459 273 1501 posse
306 1444 540 1498 dicebant,
573 1446 626 1487 ut
656 1444 905 1488 Pacuius
940 1459 1045 1487 cum
1076 1444 1167 1489 ait:
1202 1444 1285 1487 sed
1316 1445 1446 1488 cum'
1482 1457 1519 1487 e.
1553 1458 1596 1498 q.
1630 1458 1663 1486 s.

236 1548 336 1616 'Asn
365 1546 615 1602 nequitur?
724 1547 774 1590 ui
806 1547 1010 1604 Scaliger
1041 1549 1094 1590 ut
1125 1549 1218 1593 cod.
1328 1547 1566 1590 tendenda
1599 1548 1671 1590 est
1702 1547 1826 1590 clam

140 1621 310 1651 comem

140 1808 385 1860 Priamus
423 1808 469 1859 si
501 1808 727 1877 adesset,
764 1807 879 1877 ipse
921 1808 1035 1860 eius
1076 1808 1575 1860 commiseresceret.

263 1915 451 1960 Servius
494 1915 544 1958 in
582 1916 694 1960 Aen.
727 1916 791 1959 XI
815 1921 900 1960 259
953 1915 1056 1959 (1161
1101 1915 1287 1960 Priamo
1333 1915 1602 1960 miseranda
1643 1915 1828 1972 manus]

180 2012 187 2018 .
210 2012 217 2019 .
239 2012 247 2020 .
274 1977 346 2019 est
377 1977 537 2018 autem
562 1975 757 2018 Pacuuii
788 1975 869 2031 qui
895 1975 967 2018 ait
992 2012 1000 2020 .
1022 2012 1029 2018 .
1051 1976 1079 2018 .'
1130 1974 1195 2019 Cf.
1224 1974 1379 2018 Ovidii
1402 1977 1588 2018 metam.
1613 1974 1720 2018 XIV
1745 1978 1831 2016 474

149 2034 448 2100 naufragium
495 2034 792 2078 redeuntium
830 2034 1116 2078 Achivorum
1161 2034 1418 2078 narrantis:
1470 2035 1484 2055 (
1497 2033 1693 2078 Graecia
1730 2035 1831 2075 tum

145 2093 304 2172 potuit
341 2092 529 2136 Priamo
570 2107 754 2148 quoque
793 2093 950 2137 flenda
988 2092 1187 2136 uideri’·
1177 2113 1187 2148 3
1228 2095 1275 2137 et
1315 2094 1517 2137 Senecae
1547 2094 1711 2148 Agam.
1745 2097 1828 2134 521

150 2151 382 2195 ‘cladibus
422 2151 595 2195 nostris
630 2152 764 2196 daret
794 2152 883 2196 Vel
915 2151 1055 2196 Troia
1086 2151 1353 2196 lacrimas’·
1396 2151 1595 2207 denique
1626 2149 1832 2194 Terentii

151 2210 247 2254 hec.
281 2211 302 2254 I
327 2216 367 2266 2,
393 2214 449 2254 53
493 2212 572 2254 ‘ut
610 2211 761 2268 ipsam
791 2211 1096 2267 Bacchidem,
1137 2210 1187 2255 Si
1217 2211 1426 2267 adesset,
1465 2210 1601 2254 credo
1633 2210 1701 2252 ibi
1733 2209 1832 2253 eius

153 2269 611 2314 commiseresceretff

151 2415 160 2423 ⁶
261 2357 471 2460 Pgiamus
511 2358 551 2401 si
589 2359 795 2415 adesset,
842 2357 943 2414 ipsc
983 2359 1179 2403 Bothius
1218 2358 1258 2400 si
1298 2358 1512 2401 Priamus
1554 2358 1744 2401 adesset
1786 2358 1833 2399 et

148 2430 246 2472 ipse
314 2431 464 2461 ervzus

917 2527 1078 2573 XXIX

152 2615 412 2678 Quoniam
436 2617 526 2668 ille
552 2617 752 2686 interst,
776 2618 1062 2686 imperium
1087 2615 1267 2669 Cefalo
1295 2617 1669 2668 transmissum
1695 2616 1774 2665 est
1794 2657 1803 2665 .
1824 2658 1832 2666 .

268 2723 623 2781 Philargyrius
610 2739 660 2767 111
676 2725 812 2781 Verg.
839 2738 911 2781 ge.
930 2725 994 2767 IV
1013 2725 1143 2767 437⁰
1156 2738 1222 2779 qu
1236 2723 1423 2767 oniam
1444 2736 1527 2778 pro
1549 2723 1831 2777 postquam)

270 2817 427 2862 Cefalo
473 2821 733 2864 dubitanter
771 2821 930 2875 posui:
978 2821 1033 2874 cf.
1079 2825 1194 2876 tray.
1235 2819 1364 2863 Rom.
1402 2832 1448 2873 p.
1476 2821 1562 2860 317
1580 2831 1642 2874 sq.
1684 2817 1833 2861 calefo

165 2874 306 2920 Vatic.
339 2876 544 2933 Telepho
581 2878 769 2922 Grotius
