1980 3146
198 109 303 161 174
886 109 935 153 L.
969 109 1178 154 ACCIVS

1011 248 1055 295 X

192 331 428 386 Immane
468 335 520 385 te
559 331 722 385 habet
759 332 1021 402 templum
1061 332 1392 386 obuallatum
1432 332 1652 386 ossibus,

310 433 427 478 Non.
454 438 554 490 323,
583 438 636 477 10
671 432 941 490 ‘inmane‚
976 433 1178 479 foedum.
1227 434 1394 478 Accius
1422 434 1791 479 Automedia.
1813 471 1822 479 .
1842 435 1872 478 .’

195 492 569 548 (Andromeda
599 492 790 550 Aldina)

310 574 446 618 Posse
477 575 613 618 etiam
643 575 949 631 septenarium
980 575 1257 620 trochaicum
1287 576 1343 620 ab
1375 576 1510 620 initio
1538 589 1749 619 mancum
1771 588 1874 630 esse,

193 634 369 689 qualem
405 634 511 677 olim
550 635 728 689 notavi,
768 647 908 690 ueque
939 635 1012 678 hie
1041 647 1182 691 ‘neque
1212 634 1327 679 alibi
1355 647 1531 679 mouere
1561 634 1698 679 volui.
1788 633 1874 676 im-

191 705 328 794 ]Ipffane
381 694 428 735 te
481 691 627 735 habet
672 691 850 737 Aldina
903 691 1198 737 immanitate
1244 692 1390 737 habet
1435 710 1470 737 ω
1525 691 1718 736 immani
1762 692 1875 736 tabe

252 765 425 796 ereerus

194 899 323 952 Alui
362 899 606 953 educaui:
646 900 702 953 id
739 900 897 953 facite
936 903 1151 971 gratum
1188 905 1251 954 ut
1289 901 1360 954 sit
1398 902 1524 954 seni.

309 993 428 1038 Non.
455 998 561 1050 422,
590 998 643 1038 15
687 993 868 1038 ‘alere
909 996 956 1038 et
995 994 1238 1039 educare
1276 994 1364 1038 hoc
1404 993 1604 1040 distant:
1645 994 1770 1038 alere
1802 997 1875 1039 est

192 1052 322 1096 uictu
360 1052 610 1109 temporali
643 1055 926 1109 sustentare,
960 1053 1159 1097 educare
1191 1055 1350 1098 autem
1381 1053 1442 1097 ad
1475 1053 1743 1098 satietatem
1774 1067 1877 1111 per-

190 1113 383 1168 petuam
414 1112 608 1156 educere
636 1113 722 1157 ...’

585 1179 590 1184 ’
984 1179 1081 1226 ΧΠ

107 1276 189 1315 115
209 1260 361 1324 Qu6d
400 1261 718 1314 beneficium
749 1261 882 1314 haut
911 1262 1082 1315 sterili
1113 1263 1171 1314 in
1201 1266 1393 1334 segete,
1431 1265 1542 1334 rex,
1581 1266 1633 1316 te
1666 1262 1876 1316 obsesse

1253 1351 1544 1422 intelleges

308 1443 426 1489 Non.
453 1449 560 1500 395,
588 1448 643 1487 25
687 1445 964 1501 ‘segetem
1003 1443 1147 1488 etiam
1185 1443 1338 1501 ipsam
1377 1446 1550 1488 terram
1582 1444 1778 1489 dicimus

191 1502 360 1546 Accius
393 1502 628 1548 Oenomao
656 1540 664 1549 .
688 1541 695 1548 .
717 1541 725 1549 .
751 1503 878 1547 idem
907 1503 1206 1547 Andromeda
1233 1540 1241 1548 .
1263 1541 1271 1548 .
1293 1505 1321 1548 .’

308 1591 426 1636 haut
457 1592 691 1638 Mercerus
726 1594 810 1636 aut
840 1610 875 1636 ω
997 1592 1184 1636 obsesse
1221 1593 1494 1638 Gulielmius
1525 1592 1689 1637 obesse
1722 1611 1756 1637 ω

191 1650 437 1707 intelleges
472 1652 744 1696 Gulielmius
774 1650 1011 1708 intellegis
1044 1669 1078 1695 ω

972 1762 1095 1809 XIII

192 1844 375 1898 Donec
413 1848 474 1897 tu
513 1846 796 1914 auxilium,
833 1845 1052 1914 Persen,
1092 1844 1325 1898 tetulistl'
1361 1845 1508 1898 mihi.

309 1937 429 1982 Non.
456 1942 555 1994 178,
583 1944 636 1983 16
673 1938 924 2002 ‘tetulit‚
958 1938 1102 1984 tulit.’

972 2050 1090 2097 XIV

191 2133 412 2202 Nosque
451 2136 511 2185 lit
550 2151 826 2186 seuorsum
866 2133 1074 2186 diuidos
1114 2133 1221 2185 leto
1262 2132 1449 2185 offeres

309 2233 428 2277 Non.
457 2237 526 2290 95,
553 2238 609 2277 24
644 2203 919 2289 ‘diuidos‚
951 2233 1002 2276 id
1034 2234 1106 2277 est
1137 2234 1376 2289 separatos
1398 2233 1410 2254 ’

310 2324 364 2366 ut
395 2336 633 2366 seuorsum
662 2324 825 2379 scripsi
856 2323 968 2378 (uisi
996 2335 1183 2366 uzaueus
1207 2322 1364 2376 prima
1394 2322 1583 2377 dipodia
1610 2327 1770 2377 septen.
1796 2323 1873 2378 sit)

194 2383 245 2424 ut
276 2395 482 2425 seorsum
512 2399 547 2424 ω
579 2380 661 2424 uni
693 2395 899 2425 seorsum
930 2381 1034 2424 Bue
1124 2379 1341 2423 diuiduos
1373 2380 1596 2438 Scaliyer:
1634 2382 1690 2436 ef.
1724 2381 1870 2425 Lach—

192 2455 388 2485 mauuus
418 2442 470 2484 iu
501 2441 639 2484 Lucr.
667 2455 714 2497 12-
741 2445 826 2483 306
919 2439 1084 2483 offeras
1117 2439 1368 2485 Scriverius

985 2549 1077 2597 XV

192 2632 333 2686 Nam
370 2636 631 2703 posquam
668 2652 864 2703 paruos
901 2635 1000 2686 uos
1039 2632 1303 2702 oppressit
1340 2632 1612 2684 famulitas

309 2734 428 2780 Non.
457 2739 555 2792 109,
581 2739 636 2779 26
672 2733 997 2778 ‘famulitas
1030 2735 1102 2777 est
1133 2731 1365 2776 seruitus.’

279 2836 506 2878 posquam
539 2824 694 2869 Vrbin.
725 2825 976 2879 postquam
1007 2839 1042 2878 φ
1137 2819 1363 2864 familitas
1395 2819 1438 2862 L
1469 2820 1525 2875 ef.
1559 2821 1667 2864 Pae.
1695 2824 1749 2862 53

310 2909 502 2954 Perseus
532 2912 719 2967 poterat
748 2910 836 2955 ino.
869 2909 957 2954 inc.
991 2909 1084 2954 fab.
1121 2907 1219 2952 CIII
1249 2906 1414 2950 dicere.
