<?xml version="1.0" encoding="UTF-8"?>
<!DOCTYPE html PUBLIC "-//W3C//DTD XHTML 1.0 Transitional//EN"
    "http://www.w3.org/TR/xhtml1/DTD/xhtml1-transitional.dtd">
<html xmlns="http://www.w3.org/1999/xhtml" xml:lang="en" lang="en">
 <head>
  <title>
</title>
<meta http-equiv="Content-Type" content="text/html;charset=utf-8" />
  <meta name='ocr-system' content='tesseract 3.04.00' />
  <meta name='ocr-capabilities' content='ocr_page ocr_carea ocr_par ocr_line ocrx_word'/>
</head>
<body>
  <div class='ocr_page' id='page_1' title='image "./fragscaenicaeromr01ribbuoft_0173.png"; bbox 0 0 1980 3146; ppageno 0'>
   <div class='ocr_carea' id='block_1_1' title="bbox 792 97 1773 153">
    <p class='ocr_par' dir='ltr' id='par_1_1' title="bbox 792 97 1773 153">
     <span class='ocr_line' id='line_1_1' title="bbox 792 97 1773 153; baseline 0.011 -12"><span class='ocrx_word' id='word_1_1' title='bbox 792 97 841 142; x_wconf 92' lang='lat' dir='ltr'>L.</span> <span class='ocrx_word' id='word_1_2' title='bbox 874 97 1083 142; x_wconf 84' lang='lat' dir='ltr'>ACCIVS</span> <span class='ocrx_word' id='word_1_3' title='bbox 1675 99 1773 153; x_wconf 85' lang='grc'>161</span> 
     </span>
    </p>
   </div>
   <div class='ocr_carea' id='block_1_2' title="bbox 94 229 1778 406">
    <p class='ocr_par' dir='ltr' id='par_1_2' title="bbox 94 229 1778 406">
     <span class='ocr_line' id='line_1_2' title="bbox 97 229 1778 289; baseline 0.002 -18"><span class='ocrx_word' id='word_1_4' title='bbox 97 229 232 272; x_wconf 74' lang='lat' dir='ltr'>decet</span> <span class='ocrx_word' id='word_1_5' title='bbox 270 229 462 287; x_wconf 77' lang='lat' dir='ltr'>Machly</span> <span class='ocrx_word' id='word_1_6' title='bbox 499 244 623 274; x_wconf 89' lang='lat' dir='ltr'>nunc</span> <span class='ocrx_word' id='word_1_7' title='bbox 663 232 731 275; x_wconf 78' lang='lat' dir='ltr'>vel</span> <span class='ocrx_word' id='word_1_8' title='bbox 768 229 863 274; x_wconf 86' lang='lat' dir='ltr'>iam</span> <span class='ocrx_word' id='word_1_9' title='bbox 902 231 945 275; x_wconf 87' lang='lat' dir='ltr'>d.</span> <span class='ocrx_word' id='word_1_10' title='bbox 985 233 1073 276; x_wconf 77' lang='lat' dir='ltr'>alii</span> <span class='ocrx_word' id='word_1_11' title='bbox 1190 231 1477 289; x_wconf 74' lang='lat' dir='ltr'>Anapaestos</span> <span class='ocrx_word' id='word_1_12' title='bbox 1514 231 1778 288; x_wconf 82' lang='lat' dir='ltr'>celebrique</span> 
     </span>
     <span class='ocr_line' id='line_1_3' title="bbox 94 287 1778 349; baseline 0.004 -19"><span class='ocrx_word' id='word_1_13' title='bbox 94 288 247 345; x_wconf 88' lang='lat' dir='ltr'>gradu</span> <span class='ocrx_word' id='word_1_14' title='bbox 286 287 506 332; x_wconf 75' lang='lat' dir='ltr'>Gressfim</span> <span class='ocrx_word' id='word_1_15' title='bbox 543 303 668 332; x_wconf 90' lang='lat' dir='ltr'>nunc</span> <span class='ocrx_word' id='word_1_16' title='bbox 708 289 807 333; x_wconf 88' lang='lat' dir='ltr'>adc.</span> <span class='ocrx_word' id='word_1_17' title='bbox 850 290 984 333; x_wconf 72' lang='lat' dir='ltr'>decet</span> <span class='ocrx_word' id='word_1_18' title='bbox 1021 305 1076 335; x_wconf 70' lang='lat' dir='ltr'>‘ne</span> <span class='ocrx_word' id='word_1_19' title='bbox 1113 305 1238 336; x_wconf 74' lang='lat' dir='ltr'>nunc</span> <span class='ocrx_word' id='word_1_20' title='bbox 1272 292 1450 348; x_wconf 80' lang='lat' dir='ltr'>quidem</span> <span class='ocrx_word' id='word_1_21' title='bbox 1473 292 1616 348; x_wconf 74' lang='lat' dir='ltr'>plane</span> <span class='ocrx_word' id='word_1_22' title='bbox 1645 307 1778 349; x_wconf 76' lang='lat' dir='ltr'>‘repu-</span> 
     </span>
     <span class='ocr_line' id='line_1_4' title="bbox 97 348 862 406; baseline 0.001 -15"><span class='ocrx_word' id='word_1_23' title='bbox 97 348 338 393; x_wconf 79' lang='lat' dir='ltr'>diaverim:</span> <span class='ocrx_word' id='word_1_24' title='bbox 371 349 427 403; x_wconf 80' lang='lat' dir='ltr'>cf.</span> <span class='ocrx_word' id='word_1_25' title='bbox 461 353 576 406; x_wconf 70' lang='lat' dir='ltr'>trag).</span> <span class='ocrx_word' id='word_1_26' title='bbox 612 349 743 393; x_wconf 84' lang='lat' dir='ltr'>Rom.</span> <span class='ocrx_word' id='word_1_27' title='bbox 774 352 862 392; x_wconf 83' lang='lat'>468</span> 
     </span>
    </p>
   </div>
   <div class='ocr_carea' id='block_1_3' title="bbox 92 459 1834 702">
    <p class='ocr_par' dir='ltr' id='par_1_3' title="bbox 92 459 1834 702">
     <span class='ocr_line' id='line_1_5' title="bbox 898 459 970 506; baseline -0.014 0"><span class='ocrx_word' id='word_1_28' title='bbox 898 459 970 506; x_wconf 93' lang='lat' dir='ltr'>IV</span> 
     </span>
     <span class='ocr_line' id='line_1_6' title="bbox 97 542 1834 612; baseline 0.002 -18"><span class='ocrx_word' id='word_1_29' title='bbox 97 583 317 594; x_wconf 91' lang='grc'><strong>.....</strong></span> <span class='ocrx_word' id='word_1_30' title='bbox 356 544 528 611; x_wconf 77' lang='lat' dir='ltr'>neque</span> <span class='ocrx_word' id='word_1_31' title='bbox 567 543 681 594; x_wconf 86' lang='lat' dir='ltr'>fera</span> <span class='ocrx_word' id='word_1_32' title='bbox 718 542 999 595; x_wconf 88' lang='lat' dir='ltr'>hominum</span> <span class='ocrx_word' id='word_1_33' title='bbox 1036 545 1254 612; x_wconf 75' lang='lat' dir='ltr'>pectora</span> <span class='ocrx_word' id='word_1_34' title='bbox 1779 560 1834 598; x_wconf 82' lang='lat'>25</span> 
     </span>
     <span class='ocr_line' id='line_1_7' title="bbox 92 628 1450 702; baseline 0.003 -21"><span class='ocrx_word' id='word_1_35' title='bbox 92 628 448 702; x_wconf 74' lang='lat' dir='ltr'>Fragescunt‚</span> <span class='ocrx_word' id='word_1_36' title='bbox 488 631 657 684; x_wconf 89' lang='lat' dir='ltr'>donec</span> <span class='ocrx_word' id='word_1_37' title='bbox 695 631 808 684; x_wconf 88' lang='lat' dir='ltr'>uim</span> <span class='ocrx_word' id='word_1_38' title='bbox 846 631 1039 701; x_wconf 82' lang='lat' dir='ltr'>imperi</span> <span class='ocrx_word' id='word_1_39' title='bbox 1077 633 1450 701; x_wconf 73' lang='lat' dir='ltr'>persenserint.</span> 
     </span>
    </p>
   </div>
   <div class='ocr_carea' id='block_1_4' title="bbox 91 731 1775 850">
    <p class='ocr_par' dir='ltr' id='par_1_4' title="bbox 91 731 1775 850">
     <span class='ocr_line' id='line_1_8' title="bbox 210 731 1775 791; baseline 0.001 -17"><span class='ocrx_word' id='word_1_40' title='bbox 210 731 328 775; x_wconf 88' lang='lat' dir='ltr'>Non.</span> <span class='ocrx_word' id='word_1_41' title='bbox 366 737 472 787; x_wconf 86' lang='lat'>111,</span> <span class='ocrx_word' id='word_1_42' title='bbox 500 737 522 775; x_wconf 96' lang='lat'>1</span> <span class='ocrx_word' id='word_1_43' title='bbox 573 731 945 789; x_wconf 81' lang='lat' dir='ltr'>‘fragescere,</span> <span class='ocrx_word' id='word_1_44' title='bbox 987 732 1175 791; x_wconf 55' lang='lat' dir='ltr'>frangi?</span> <span class='ocrx_word' id='word_1_45' title='bbox 1240 732 1516 790; x_wconf 84' lang='lat' dir='ltr'>Comparavi</span> <span class='ocrx_word' id='word_1_46' title='bbox 1554 733 1775 790; x_wconf 79' lang='lat' dir='ltr'><strong>Aeschyli</strong></span> 
     </span>
     <span class='ocr_line' id='line_1_9' title="bbox 91 789 1773 850; baseline 0.002 -17"><span class='ocrx_word' id='word_1_47' title='bbox 91 789 255 846; x_wconf 83' lang='lat' dir='ltr'>Agam.</span> <span class='ocrx_word' id='word_1_48' title='bbox 278 795 388 835; x_wconf 89' lang='lat'>1601</span> <span class='ocrx_word' id='word_1_49' title='bbox 400 791 456 836; x_wconf 88' lang='lat' dir='ltr'>H.</span> <span class='ocrx_word' id='word_1_50' title='bbox 488 791 744 847; x_wconf 80' lang='grc' dir='ltr'><strong><em>κρατηθεὶς</em></strong></span> <span class='ocrx_word' id='word_1_51' title='bbox 767 790 813 836; x_wconf 80' lang='grc' dir='ltr'>δ’</span> <span class='ocrx_word' id='word_1_52' title='bbox 842 792 1126 849; x_wconf 80' lang='grc' dir='ltr'><strong><em>ἡμερώτερος</em></strong></span> <span class='ocrx_word' id='word_1_53' title='bbox 1151 799 1302 849; x_wconf 78' lang='grc' dir='ltr'><em>φανεῖ</em></span> <span class='ocrx_word' id='word_1_54' title='bbox 1318 795 1450 849; x_wconf 88' lang='grc'>(1619</span> <span class='ocrx_word' id='word_1_55' title='bbox 1461 807 1527 848; x_wconf 90' lang='lat' dir='ltr'>sq.</span> <span class='ocrx_word' id='word_1_56' title='bbox 1556 798 1669 837; x_wconf 83' lang='lat'>1639</span> <span class='ocrx_word' id='word_1_57' title='bbox 1687 795 1773 850; x_wconf 84' lang='lat' dir='ltr'>sq.)</span> 
     </span>
    </p>
   </div>
   <div class='ocr_carea' id='block_1_5' title="bbox 91 878 1773 1043">
    <p class='ocr_par' dir='ltr' id='par_1_5' title="bbox 91 878 1773 1043">
     <span class='ocr_line' id='line_1_10' title="bbox 211 878 1773 938; baseline 0.001 -15"><span class='ocrx_word' id='word_1_58' title='bbox 211 885 236 922; x_wconf 83' lang='lat'>2</span> <span class='ocrx_word' id='word_1_59' title='bbox 269 878 434 936; x_wconf 87' lang='lat' dir='ltr'>imperi</span> <span class='ocrx_word' id='word_1_60' title='bbox 471 879 786 936; x_wconf 71' lang='lat' dir='ltr'>persenserint</span> <span class='ocrx_word' id='word_1_61' title='bbox 816 881 1014 925; x_wconf 80' lang='lat' dir='ltr'>Bothius</span> <span class='ocrx_word' id='word_1_62' title='bbox 1047 880 1355 937; x_wconf 80' lang='lat' dir='ltr'>persenserim</span> <span class='ocrx_word' id='word_1_63' title='bbox 1384 879 1570 937; x_wconf 89' lang='lat' dir='ltr'>imperii</span> <span class='ocrx_word' id='word_1_64' title='bbox 1605 899 1639 925; x_wconf 92' lang='grc' dir='ltr'><em>ω</em></span> <span class='ocrx_word' id='word_1_65' title='bbox 1670 895 1773 938; x_wconf 91' lang='lat' dir='ltr'>per-</span> 
     </span>
     <span class='ocr_line' id='line_1_11' title="bbox 91 938 1772 1041; baseline 0.001 -60"><span class='ocrx_word' id='word_1_66' title='bbox 91 938 322 1041; x_wconf 48' lang='lat' dir='ltr'>}nserint</span> <span class='ocrx_word' id='word_1_67' title='bbox 351 938 535 995; x_wconf 89' lang='lat' dir='ltr'>imperii</span> <span class='ocrx_word' id='word_1_68' title='bbox 558 940 789 984; x_wconf 57' lang='lat' dir='ltr'>Reatinus</span> <span class='ocrx_word' id='word_1_69' title='bbox 887 940 1151 997; x_wconf 66' lang='lat' dir='ltr'>persensinlz</span> <span class='ocrx_word' id='word_1_70' title='bbox 1181 942 1264 997; x_wconf 83' lang='lat' dir='ltr'>(vel</span> <span class='ocrx_word' id='word_1_71' title='bbox 1290 941 1575 997; x_wconf 85' lang='lat' dir='ltr'>persensere)</span> <span class='ocrx_word' id='word_1_72' title='bbox 1607 939 1772 997; x_wconf 89' lang='lat' dir='ltr'>imperi</span> 
     </span>
     <span class='ocr_line' id='line_1_12' title="bbox 144 1012 387 1043; baseline 0.004 -1"><span class='ocrx_word' id='word_1_73' title='bbox 144 1012 387 1043; x_wconf 75' lang='lat' dir='ltr'>ermannus</span> 
     </span>
    </p>
   </div>
   <div class='ocr_carea' id='block_1_6' title="bbox 93 1078 1420 1290">
    <p class='ocr_par' dir='ltr' id='par_1_6' title="bbox 93 1078 1420 1290">
     <span class='ocr_line' id='line_1_13' title="bbox 906 1078 952 1125; baseline 0 -41"><span class='ocrx_word' id='word_1_74' title='bbox 906 1078 952 1125; x_wconf 80' lang='lat' dir='ltr'><strong>V</strong></span> 
     </span>
     <span class='ocr_line' id='line_1_14' title="bbox 885 1162 1420 1231; baseline -0.002 -16"><span class='ocrx_word' id='word_1_75' title='bbox 885 1163 1076 1215; x_wconf 83' lang='lat' dir='ltr'>melius</span> <span class='ocrx_word' id='word_1_76' title='bbox 1115 1162 1275 1231; x_wconf 52' lang='lat' dir='ltr'>quam</span> <span class='ocrx_word' id='word_1_77' title='bbox 1314 1162 1420 1215; x_wconf 89' lang='lat' dir='ltr'>uiri</span> 
     </span>
     <span class='ocr_line' id='line_1_15' title="bbox 93 1235 604 1290; baseline 0.004 -2"><span class='ocrx_word' id='word_1_78' title='bbox 93 1235 302 1289; x_wconf 61' lang='lat' dir='ltr'>Cellenb</span> <span class='ocrx_word' id='word_1_79' title='bbox 339 1237 604 1290; x_wconf 75' lang='lat' dir='ltr'>mulieres,</span> 
     </span>
    </p>
   </div>
   <div class='ocr_carea' id='block_1_7' title="bbox 87 1337 1771 1455">
    <p class='ocr_par' dir='ltr' id='par_1_7' title="bbox 87 1337 1771 1455">
     <span class='ocr_line' id='line_1_16' title="bbox 206 1337 1771 1395; baseline 0.001 -14"><span class='ocrx_word' id='word_1_80' title='bbox 206 1337 326 1383; x_wconf 86' lang='lat' dir='ltr'>Non.</span> <span class='ocrx_word' id='word_1_81' title='bbox 359 1343 467 1394; x_wconf 82' lang='lat'>257,</span> <span class='ocrx_word' id='word_1_82' title='bbox 493 1343 549 1382; x_wconf 82' lang='lat'>30</span> <span class='ocrx_word' id='word_1_83' title='bbox 592 1337 797 1383; x_wconf 72' lang='lat' dir='ltr'>‘callet</span> <span class='ocrx_word' id='word_1_84' title='bbox 833 1337 1068 1395; x_wconf 75' lang='lat' dir='ltr'>significat</span> <span class='ocrx_word' id='word_1_85' title='bbox 1099 1337 1188 1381; x_wconf 72' lang='lat' dir='ltr'>scit</span> <span class='ocrx_word' id='word_1_86' title='bbox 1214 1338 1302 1383; x_wconf 72' lang='lat'>...³</span> <span class='ocrx_word' id='word_1_87' title='bbox 1367 1338 1550 1383; x_wconf 82' lang='lat' dir='ltr'>Similia</span> <span class='ocrx_word' id='word_1_88' title='bbox 1583 1340 1691 1382; x_wconf 76' lang='lat' dir='ltr'>sunt</span> <span class='ocrx_word' id='word_1_89' title='bbox 1722 1339 1771 1382; x_wconf 87' lang='lat' dir='ltr'>in</span> 
     </span>
     <span class='ocr_line' id='line_1_17' title="bbox 87 1393 1770 1455; baseline 0.002 -16"><span class='ocrx_word' id='word_1_90' title='bbox 87 1396 308 1454; x_wconf 79' lang='lat' dir='ltr'>Aeschyli</span> <span class='ocrx_word' id='word_1_91' title='bbox 335 1397 499 1455; x_wconf 83' lang='lat' dir='ltr'>Agam.</span> <span class='ocrx_word' id='word_1_92' title='bbox 528 1402 641 1442; x_wconf 86' lang='grc'>1605</span> <span class='ocrx_word' id='word_1_93' title='bbox 673 1398 724 1442; x_wconf 88' lang='grc' dir='ltr'>τὸ</span> <span class='ocrx_word' id='word_1_94' title='bbox 756 1396 844 1455; x_wconf 79' lang='grc' dir='ltr'>γὰρ</span> <span class='ocrx_word' id='word_1_95' title='bbox 877 1399 1076 1442; x_wconf 81' lang='grc' dir='ltr'><em>δολῶσαι</em></span> <span class='ocrx_word' id='word_1_96' title='bbox 1108 1397 1225 1452; x_wconf 84' lang='grc' dir='ltr'><em>πρὸς</em></span> <span class='ocrx_word' id='word_1_97' title='bbox 1255 1398 1475 1455; x_wconf 81' lang='grc' dir='ltr'><strong><em>γυναικὸς</em></strong></span> <span class='ocrx_word' id='word_1_98' title='bbox 1506 1393 1565 1455; x_wconf 77' lang='grc' dir='ltr'>ἦν</span> <span class='ocrx_word' id='word_1_99' title='bbox 1596 1406 1770 1455; x_wconf 72' lang='grc' dir='ltr'><em>σαφῶς,</em></span> 
     </span>
    </p>
   </div>
   <div class='ocr_carea' id='block_1_8' title="bbox 687 1567 1170 1616">
    <p class='ocr_par' dir='ltr' id='par_1_8' title="bbox 687 1567 1170 1616">
     <span class='ocr_line' id='line_1_18' title="bbox 687 1567 1170 1616; baseline -0.002 0"><span class='ocrx_word' id='word_1_100' title='bbox 687 1567 1170 1616; x_wconf 79' lang='lat' dir='ltr'><strong>GLVTEMESTRA</strong></span> 
     </span>
    </p>
   </div>
   <div class='ocr_carea' id='block_1_9' title="bbox 84 1663 1764 1958">
    <p class='ocr_par' dir='ltr' id='par_1_9' title="bbox 84 1663 1764 1958">
     <span class='ocr_line' id='line_1_19' title="bbox 206 1663 1764 1720; baseline 0 -12"><span class='ocrx_word' id='word_1_101' title='bbox 206 1664 523 1708; x_wconf 63' lang='lat' dir='ltr'>omnnem</span> <span class='ocrx_word' id='word_1_102' title='bbox 560 1664 761 1708; x_wconf 87' lang='lat' dir='ltr'>nominis</span> <span class='ocrx_word' id='word_1_103' title='bbox 794 1664 993 1708; x_wconf 85' lang='lat' dir='ltr'>formam</span> <span class='ocrx_word' id='word_1_104' title='bbox 1021 1663 1262 1708; x_wconf 69' lang='lat' dir='ltr'>revocavif,</span> <span class='ocrx_word' id='word_1_105' title='bbox 1291 1663 1575 1708; x_wconf 72' lang='lat' dir='ltr'>Ritschelius</span> <span class='ocrx_word' id='word_1_106' title='bbox 1609 1678 1764 1720; x_wconf 88' lang='lat' dir='ltr'>opusc.</span> 
     </span>
     <span class='ocr_line' id='line_1_20' title="bbox 85 1722 1764 1779; baseline 0.001 -13"><span class='ocrx_word' id='word_1_107' title='bbox 85 1723 234 1767; x_wconf 83' lang='lat'>11497</span> <span class='ocrx_word' id='word_1_108' title='bbox 256 1738 345 1779; x_wconf 80' lang='lat' dir='ltr'>sq:</span> <span class='ocrx_word' id='word_1_109' title='bbox 387 1723 443 1768; x_wconf 89' lang='lat' dir='ltr'>cf.</span> <span class='ocrx_word' id='word_1_110' title='bbox 485 1723 684 1767; x_wconf 75' lang='lat' dir='ltr'>collecta</span> <span class='ocrx_word' id='word_1_111' title='bbox 716 1737 744 1767; x_wconf 87' lang='lat' dir='ltr'>a</span> <span class='ocrx_word' id='word_1_112' title='bbox 775 1737 849 1767; x_wconf 90' lang='lat' dir='ltr'>me</span> <span class='ocrx_word' id='word_1_113' title='bbox 880 1722 1058 1767; x_wconf 87' lang='lat' dir='ltr'>ibidem</span> <span class='ocrx_word' id='word_1_114' title='bbox 1090 1728 1173 1766; x_wconf 84' lang='lat'>517</span> <span class='ocrx_word' id='word_1_115' title='bbox 1193 1737 1259 1779; x_wconf 88' lang='lat' dir='ltr'>sq.</span> <span class='ocrx_word' id='word_1_116' title='bbox 1293 1724 1341 1766; x_wconf 74' lang='lat' dir='ltr'>el:</span> <span class='ocrx_word' id='word_1_117' title='bbox 1370 1723 1662 1767; x_wconf 87' lang='lat' dir='ltr'>Fleckeiseni</span> <span class='ocrx_word' id='word_1_118' title='bbox 1691 1723 1764 1768; x_wconf 71' lang='lat' dir='ltr'>tit.</span> 
     </span>
     <span class='ocr_line' id='line_1_21' title="bbox 84 1781 1764 1840; baseline 0.001 -15"><span class='ocrx_word' id='word_1_119' title='bbox 84 1782 119 1825; x_wconf 94' lang='lat' dir='ltr'>L</span> <span class='ocrx_word' id='word_1_120' title='bbox 151 1798 195 1838; x_wconf 89' lang='lat' dir='ltr'>p.</span> <span class='ocrx_word' id='word_1_121' title='bbox 230 1787 299 1827; x_wconf 88' lang='lat'>13.</span> <span class='ocrx_word' id='word_1_122' title='bbox 361 1782 717 1840; x_wconf 73' lang='lat' dir='ltr'>Diphbhongum</span> <span class='ocrx_word' id='word_1_123' title='bbox 757 1796 818 1827; x_wconf 92' lang='lat' dir='ltr'>oe</span> <span class='ocrx_word' id='word_1_124' title='bbox 850 1782 992 1826; x_wconf 84' lang='lat' dir='ltr'>Accio</span> <span class='ocrx_word' id='word_1_125' title='bbox 1024 1781 1263 1826; x_wconf 81' lang='lat' dir='ltr'>vindicavi</span> <span class='ocrx_word' id='word_1_126' title='bbox 1293 1781 1343 1825; x_wconf 90' lang='lat' dir='ltr'>in</span> <span class='ocrx_word' id='word_1_127' title='bbox 1375 1781 1550 1827; x_wconf 82' lang='lat' dir='ltr'>annall.</span> <span class='ocrx_word' id='word_1_128' title='bbox 1581 1781 1764 1839; x_wconf 91' lang='lat' dir='ltr'>philoll.</span> 
     </span>
     <span class='ocr_line' id='line_1_22' title="bbox 84 1840 1764 1898; baseline 0.001 -14"><span class='ocrx_word' id='word_1_129' title='bbox 84 1841 251 1885; x_wconf 87' lang='lat' dir='ltr'>LXXV</span> <span class='ocrx_word' id='word_1_130' title='bbox 275 1846 360 1885; x_wconf 87' lang='lat'>316</span> <span class='ocrx_word' id='word_1_131' title='bbox 379 1856 476 1898; x_wconf 89' lang='lat' dir='ltr'>sqq.</span> <span class='ocrx_word' id='word_1_132' title='bbox 538 1842 707 1886; x_wconf 76' lang='lat' dir='ltr'>Actam</span> <span class='ocrx_word' id='word_1_133' title='bbox 746 1856 787 1886; x_wconf 86' lang='lat' dir='ltr'>a.</span> <span class='ocrx_word' id='word_1_134' title='bbox 822 1846 908 1886; x_wconf 87' lang='lat'>698</span> <span class='ocrx_word' id='word_1_135' title='bbox 947 1841 998 1884; x_wconf 92' lang='lat' dir='ltr'>in</span> <span class='ocrx_word' id='word_1_136' title='bbox 1032 1840 1157 1884; x_wconf 88' lang='lat' dir='ltr'>ludis</span> <span class='ocrx_word' id='word_1_137' title='bbox 1188 1840 1380 1897; x_wconf 88' lang='lat' dir='ltr'>Pompei</span> <span class='ocrx_word' id='word_1_138' title='bbox 1411 1843 1573 1885; x_wconf 72' lang='lat' dir='ltr'>narrat</span> <span class='ocrx_word' id='word_1_139' title='bbox 1603 1840 1764 1886; x_wconf 86' lang='lat' dir='ltr'>Cicero</span> 
     </span>
     <span class='ocr_line' id='line_1_23' title="bbox 87 1900 1453 1958; baseline 0.001 -15"><span class='ocrx_word' id='word_1_140' title='bbox 87 1914 156 1957; x_wconf 84' lang='lat' dir='ltr'>ep.</span> <span class='ocrx_word' id='word_1_141' title='bbox 193 1901 254 1944; x_wconf 87' lang='lat' dir='ltr'>ad</span> <span class='ocrx_word' id='word_1_142' title='bbox 285 1901 395 1944; x_wconf 83' lang='lat' dir='ltr'>fam.</span> <span class='ocrx_word' id='word_1_143' title='bbox 428 1901 515 1945; x_wconf 90' lang='lat' dir='ltr'>VII</span> <span class='ocrx_word' id='word_1_144' title='bbox 539 1906 578 1945; x_wconf 93' lang='lat'>1.</span> <span class='ocrx_word' id='word_1_145' title='bbox 642 1901 708 1946; x_wconf 83' lang='lat' dir='ltr'>Cf.</span> <span class='ocrx_word' id='word_1_146' title='bbox 740 1903 983 1958; x_wconf 77' lang='lat' dir='ltr'>praeterea</span> <span class='ocrx_word' id='word_1_147' title='bbox 1016 1900 1073 1944; x_wconf 90' lang='lat' dir='ltr'>de</span> <span class='ocrx_word' id='word_1_148' title='bbox 1106 1900 1180 1945; x_wconf 86' lang='lat' dir='ltr'>off.</span> <span class='ocrx_word' id='word_1_149' title='bbox 1212 1900 1234 1943; x_wconf 94' lang='lat' dir='ltr'>I</span> <span class='ocrx_word' id='word_1_150' title='bbox 1259 1905 1328 1957; x_wconf 87' lang='lat'>31,</span> <span class='ocrx_word' id='word_1_151' title='bbox 1357 1905 1453 1945; x_wconf 88' lang='lat'>114.</span> 
     </span>
    </p>
   </div>
   <div class='ocr_carea' id='block_1_10' title="bbox 909 2042 935 2089">
    <p class='ocr_par' dir='ltr' id='par_1_10' title="bbox 909 2042 935 2089">
     <span class='ocr_line' id='line_1_24' title="bbox 909 2042 935 2089; baseline 0 0"><span class='ocrx_word' id='word_1_152' title='bbox 909 2042 935 2089; x_wconf 94' lang='lat' dir='ltr'>I</span> 
     </span>
    </p>
   </div>
   <div class='ocr_carea' id='block_1_11' title="bbox 240 2110 1821 2196">
    <p class='ocr_par' dir='ltr' id='par_1_11' title="bbox 240 2110 1821 2196">
     <span class='ocr_line' id='line_1_25' title="bbox 240 2110 1821 2196; baseline -0.001 -18"><span class='ocrx_word' id='word_1_153' title='bbox 240 2168 250 2178; x_wconf 90' lang='lat'>.</span> <span class='ocrx_word' id='word_1_154' title='bbox 290 2126 382 2178; x_wconf 90' lang='lat' dir='ltr'>sed</span> <span class='ocrx_word' id='word_1_155' title='bbox 418 2126 607 2178; x_wconf 65' lang='lat' dir='ltr'>ueiluae</span> <span class='ocrx_word' id='word_1_156' title='bbox 645 2128 902 2178; x_wconf 75' lang='lat' dir='ltr'>resonunt</span> <span class='ocrx_word' id='word_1_157' title='bbox 939 2126 1131 2196; x_wconf 77' lang='lat' dir='ltr'>regiae.</span> <span class='ocrx_word' id='word_1_158' title='bbox 1765 2110 1821 2149; x_wconf 84' lang='lat'>3⁰</span> 
     </span>
    </p>
   </div>
   <div class='ocr_carea' id='block_1_12' title="bbox 200 2184 1816 2283">
    <p class='ocr_par' dir='ltr' id='par_1_12' title="bbox 200 2184 1816 2283">
     <span class='ocr_line' id='line_1_26' title="bbox 200 2184 1816 2283; baseline -0.001 -14"><span class='ocrx_word' id='word_1_159' title='bbox 200 2225 465 2270; x_wconf 86' lang='lat' dir='ltr'>Priscianus</span> <span class='ocrx_word' id='word_1_160' title='bbox 495 2242 539 2283; x_wconf 92' lang='lat' dir='ltr'>p.</span> <span class='ocrx_word' id='word_1_161' title='bbox 573 2231 659 2270; x_wconf 88' lang='grc'>863</span> <span class='ocrx_word' id='word_1_162' title='bbox 684 2226 734 2271; x_wconf 90' lang='grc' dir='ltr'>Ρ.</span> <span class='ocrx_word' id='word_1_163' title='bbox 789 2226 928 2269; x_wconf 79' lang='lat' dir='ltr'>‘haec</span> <span class='ocrx_word' id='word_1_164' title='bbox 959 2228 1119 2270; x_wconf 77' lang='lat' dir='ltr'>tamen</span> <span class='ocrx_word' id='word_1_165' title='bbox 1149 2226 1277 2283; x_wconf 86' lang='lat' dir='ltr'>ipsa’</span> <span class='ocrx_word' id='word_1_166' title='bbox 1312 2227 1390 2282; x_wconf 83' lang='lat' dir='ltr'>(sc,</span> <span class='ocrx_word' id='word_1_167' title='bbox 1423 2223 1472 2267; x_wconf 92' lang='lat' dir='ltr'>in</span> <span class='ocrx_word' id='word_1_168' title='bbox 1503 2223 1552 2266; x_wconf 87' lang='lat' dir='ltr'>ui</span> <span class='ocrx_word' id='word_1_169' title='bbox 1584 2184 1816 2268; x_wconf 51' lang='lat' dir='ltr'>divisa?l</span> 
     </span>
    </p>
   </div>
   <div class='ocr_carea' id='block_1_13' title="bbox 80 2283 1761 2401">
    <p class='ocr_par' dir='ltr' id='par_1_13' title="bbox 80 2283 1761 2401">
     <span class='ocr_line' id='line_1_27' title="bbox 80 2283 1761 2342; baseline -0.001 -14"><span class='ocrx_word' id='word_1_170' title='bbox 80 2284 386 2340; x_wconf 72' lang='lat' dir='ltr'>praeteritum</span> <span class='ocrx_word' id='word_1_171' title='bbox 425 2284 711 2340; x_wconf 75' lang='lat' dir='ltr'>desinentia,</span> <span class='ocrx_word' id='word_1_172' title='bbox 750 2287 804 2328; x_wconf 69' lang='lat' dir='ltr'>ut</span> <span class='ocrx_word' id='word_1_173' title='bbox 836 2285 990 2341; x_wconf 86' lang='lat' dir='ltr'>sonui,</span> <span class='ocrx_word' id='word_1_174' title='bbox 1024 2285 1245 2342; x_wconf 72' lang='lat' dir='ltr'>sonitum)</span> <span class='ocrx_word' id='word_1_175' title='bbox 1281 2285 1353 2327; x_wconf 77' lang='lat' dir='ltr'>‘et</span> <span class='ocrx_word' id='word_1_176' title='bbox 1385 2283 1638 2326; x_wconf 86' lang='lat' dir='ltr'>secundum</span> <span class='ocrx_word' id='word_1_177' title='bbox 1669 2286 1761 2327; x_wconf 76' lang='lat' dir='ltr'>ter-</span> 
     </span>
     <span class='ocr_line' id='line_1_28' title="bbox 82 2341 1674 2401; baseline 0.001 -15"><span class='ocrx_word' id='word_1_178' title='bbox 82 2343 199 2387; x_wconf 74' lang='lat' dir='ltr'>tiam</span> <span class='ocrx_word' id='word_1_179' title='bbox 230 2343 539 2387; x_wconf 72' lang='lat' dir='ltr'>uetustissimi</span> <span class='ocrx_word' id='word_1_180' title='bbox 569 2344 819 2401; x_wconf 79' lang='lat' dir='ltr'>protulisse</span> <span class='ocrx_word' id='word_1_181' title='bbox 850 2343 1152 2388; x_wconf 72' lang='lat' dir='ltr'>inueniuntur</span> <span class='ocrx_word' id='word_1_182' title='bbox 1183 2341 1562 2399; x_wconf 73' lang='lat' dir='ltr'>coniugationem</span> <span class='ocrx_word' id='word_1_183' title='bbox 1588 2377 1626 2386; x_wconf 89' lang='lat'>..</span> <span class='ocrx_word' id='word_1_184' title='bbox 1647 2343 1674 2387; x_wconf 91' lang='lat'>.’</span> 
     </span>
    </p>
   </div>
   <div class='ocr_carea' id='block_1_14' title="bbox 82 2429 1756 2536">
    <p class='ocr_par' dir='ltr' id='par_1_14' title="bbox 82 2429 1756 2536">
     <span class='ocr_line' id='line_1_29' title="bbox 82 2429 1756 2535; baseline 0.002 -61"><span class='ocrx_word' id='word_1_185' title='bbox 82 2491 122 2535; x_wconf 72' lang='lat' dir='ltr'><em>C</em></span> <span class='ocrx_word' id='word_1_186' title='bbox 199 2431 340 2535; x_wconf 53' lang='lat' dir='ltr'>pelde</span> <span class='ocrx_word' id='word_1_187' title='bbox 383 2433 493 2491; x_wconf 75' lang='lat' dir='ltr'>Rey.</span> <span class='ocrx_word' id='word_1_188' title='bbox 542 2433 705 2478; x_wconf 86' lang='lat' dir='ltr'>Bamb.</span> <span class='ocrx_word' id='word_1_189' title='bbox 752 2433 894 2478; x_wconf 72' lang='lat' dir='ltr'>Rern.</span> <span class='ocrx_word' id='word_1_190' title='bbox 944 2433 1080 2491; x_wconf 71' lang='lat' dir='ltr'>Sanq.</span> <span class='ocrx_word' id='word_1_191' title='bbox 1128 2438 1169 2477; x_wconf 82' lang='lat' dir='ltr'>et</span> <span class='ocrx_word' id='word_1_192' title='bbox 1213 2431 1230 2473; x_wconf 89' lang='lat' dir='ltr'>i</span> <span class='ocrx_word' id='word_1_193' title='bbox 1275 2432 1342 2475; x_wconf 79' lang='lat' dir='ltr'>vel</span> <span class='ocrx_word' id='word_1_194' title='bbox 1387 2429 1581 2475; x_wconf 73' lang='lat' dir='ltr'>l‘erasa</span> <span class='ocrx_word' id='word_1_195' title='bbox 1622 2430 1756 2476; x_wconf 76' lang='lat' dir='ltr'>Grut.</span> 
     </span>
     <span class='ocr_line' id='line_1_30' title="bbox 119 2506 274 2536; baseline 0.006 -1"><span class='ocrx_word' id='word_1_196' title='bbox 119 2506 200 2535; x_wconf 82' lang='lat' dir='ltr'>aro</span> <span class='ocrx_word' id='word_1_197' title='bbox 220 2507 274 2536; x_wconf 63' lang='grc' dir='ltr'>ιν.</span> 
     </span>
    </p>
   </div>
   <div class='ocr_carea' id='block_1_15' title="bbox 81 2573 1440 2815">
    <p class='ocr_par' dir='ltr' id='par_1_15' title="bbox 81 2573 1440 2815">
     <span class='ocr_line' id='line_1_31' title="bbox 898 2573 949 2620; baseline 0 0"><span class='ocrx_word' id='word_1_198' title='bbox 898 2573 949 2620; x_wconf 91' lang='lat' dir='ltr'>II</span> 
     </span>
     <span class='ocr_line' id='line_1_32' title="bbox 81 2653 1440 2727; baseline -0.001 -19"><span class='ocrx_word' id='word_1_199' title='bbox 81 2697 94 2707; x_wconf 79' lang='grc'><strong>.</strong></span> <span class='ocrx_word' id='word_1_200' title='bbox 135 2657 316 2708; x_wconf 76' lang='lat' dir='ltr'>omnes</span> <span class='ocrx_word' id='word_1_201' title='bbox 355 2656 588 2727; x_wconf 71' lang='lat' dir='ltr'>gaudent</span> <span class='ocrx_word' id='word_1_202' title='bbox 626 2656 796 2708; x_wconf 58' lang='lat' dir='ltr'>fecere</span> <span class='ocrx_word' id='word_1_203' title='bbox 834 2660 975 2708; x_wconf 79' lang='lat' dir='ltr'>recte</span> <span class='ocrx_word' id='word_1_204' title='bbox 984 2698 998 2724; x_wconf 83' lang='grc'>,</span> <span class='ocrx_word' id='word_1_205' title='bbox 1037 2655 1173 2707; x_wconf 56' lang='lat' dir='ltr'>misse</span> <span class='ocrx_word' id='word_1_206' title='bbox 1212 2653 1440 2724; x_wconf 76' lang='lat' dir='ltr'>pigrent.</span> 
     </span>
     <span class='ocr_line' id='line_1_33' title="bbox 199 2757 900 2815; baseline 0.003 -15"><span class='ocrx_word' id='word_1_207' title='bbox 199 2757 318 2802; x_wconf 86' lang='lat' dir='ltr'>Non.</span> <span class='ocrx_word' id='word_1_208' title='bbox 352 2762 452 2814; x_wconf 86' lang='lat'>219,</span> <span class='ocrx_word' id='word_1_209' title='bbox 480 2763 535 2801; x_wconf 82' lang='lat'>14</span> <span class='ocrx_word' id='word_1_210' title='bbox 571 2757 788 2815; x_wconf 74' lang='lat' dir='ltr'>‘pigret</span> <span class='ocrx_word' id='word_1_211' title='bbox 814 2758 900 2802; x_wconf 73' lang='lat'>...³</span> 
     </span>
    </p>
   </div>
   <div class='ocr_carea' id='block_1_16' title="bbox 80 2845 1754 2959">
    <p class='ocr_par' dir='ltr' id='par_1_16' title="bbox 80 2845 1754 2959">
     <span class='ocr_line' id='line_1_34' title="bbox 198 2845 1754 2902; baseline -0.001 -14"><span class='ocrx_word' id='word_1_212' title='bbox 198 2859 293 2889; x_wconf 89' lang='lat' dir='ltr'>non</span> <span class='ocrx_word' id='word_1_213' title='bbox 324 2859 481 2889; x_wconf 84' lang='lat' dir='ltr'>omnes</span> <span class='ocrx_word' id='word_1_214' title='bbox 507 2860 639 2902; x_wconf 77' lang='lat' dir='ltr'>prop.</span> <span class='ocrx_word' id='word_1_215' title='bbox 671 2847 820 2890; x_wconf 81' lang='lat' dir='ltr'>coroll.</span> <span class='ocrx_word' id='word_1_216' title='bbox 847 2847 902 2901; x_wconf 85' lang='lat' dir='ltr'>L,</span> <span class='ocrx_word' id='word_1_217' title='bbox 934 2845 1010 2889; x_wconf 83' lang='lat' dir='ltr'>sed</span> <span class='ocrx_word' id='word_1_218' title='bbox 1040 2845 1174 2888; x_wconf 82' lang='lat' dir='ltr'>etiam</span> <span class='ocrx_word' id='word_1_219' title='bbox 1205 2845 1484 2889; x_wconf 77' lang='lat' dir='ltr'>contrarium</span> <span class='ocrx_word' id='word_1_220' title='bbox 1517 2857 1674 2887; x_wconf 80' lang='lat' dir='ltr'>omnes</span> <span class='ocrx_word' id='word_1_221' title='bbox 1708 2858 1754 2887; x_wconf 87' lang='lat' dir='ltr'>se</span> 
     </span>
     <span class='ocr_line' id='line_1_35' title="bbox 80 2903 1468 2959; baseline 0.001 -13"><span class='ocrx_word' id='word_1_222' title='bbox 80 2904 176 2947; x_wconf 79' lang='lat' dir='ltr'>dici</span> <span class='ocrx_word' id='word_1_223' title='bbox 200 2906 353 2959; x_wconf 76' lang='lat' dir='ltr'>potuit</span> <span class='ocrx_word' id='word_1_224' title='bbox 440 2905 563 2948; x_wconf 85' lang='lat' dir='ltr'>male</span> <span class='ocrx_word' id='word_1_225' title='bbox 594 2906 790 2949; x_wconf 80' lang='lat' dir='ltr'>Bothius</span> <span class='ocrx_word' id='word_1_226' title='bbox 819 2903 933 2947; x_wconf 85' lang='lat' dir='ltr'>mali</span> <span class='ocrx_word' id='word_1_227' title='bbox 965 2921 999 2947; x_wconf 89' lang='grc' dir='ltr'><strong><em>ω</em></strong></span> <span class='ocrx_word' id='word_1_228' title='bbox 1090 2903 1341 2948; x_wconf 81' lang='lat' dir='ltr'>audaciora</span> <span class='ocrx_word' id='word_1_229' title='bbox 1371 2906 1468 2949; x_wconf 83' lang='lat' dir='ltr'>alia</span> 
     </span>
    </p>
   </div>
   <div class='ocr_carea' id='block_1_17' title="bbox 171 2982 1486 3027">
    <p class='ocr_par' dir='ltr' id='par_1_17' title="bbox 171 2982 1486 3027">
     <span class='ocr_line' id='line_1_36' title="bbox 171 2982 1486 3027; baseline 0.002 -10"><span class='ocrx_word' id='word_1_230' title='bbox 171 2985 301 3017; x_wconf 80' lang='lat' dir='ltr'>Seaen.</span> <span class='ocrx_word' id='word_1_231' title='bbox 325 2995 426 3024; x_wconf 79' lang='lat' dir='ltr'>poes.</span> <span class='ocrx_word' id='word_1_232' title='bbox 451 2987 557 3019; x_wconf 87' lang='lat' dir='ltr'>Rom.</span> <span class='ocrx_word' id='word_1_233' title='bbox 581 2987 713 3027; x_wconf 79' lang='lat' dir='ltr'>fragm.</span> <span class='ocrx_word' id='word_1_234' title='bbox 738 2987 793 3019; x_wconf 83' lang='lat' dir='ltr'>ed.</span> <span class='ocrx_word' id='word_1_235' title='bbox 818 2987 1010 3018; x_wconf 71' lang='lat' dir='ltr'>Rtmmcx.</span> <span class='ocrx_word' id='word_1_236' title='bbox 1436 2982 1486 3019; x_wconf 92' lang='grc'>11</span> 
     </span>
    </p>
   </div>
  </div>
 </body>
</html>
