1980 3146
750 107 811 153 M.
844 107 1153 152 PACVVIVS'
1680 108 1781 160 151

105 241 359 285 Medeam
405 240 702 284 adnectam
747 253 845 307 per
892 244 1023 284 aera
1061 240 1118 284 in
1155 241 1330 285 raeda
1368 240 1672 297 anguibus,
1681 242 1693 259 ’
1735 241 1786 284 111

107 301 275 356 quibus
306 300 495 343 verba‘
505 313 588 356 per
619 302 728 344 aera
758 299 810 343 in
838 315 873 343 r.
908 301 968 344 a.’
1011 300 1265 344 iambicum
1294 314 1537 344 numerum
1566 278 1783 357 produnt.

109 359 199 403 Vix
222 358 416 402 dubium
439 358 551 414 quin
574 360 636 402 ad
661 359 849 403 Medum
871 359 959 402 hoc
983 358 1036 403 fr.
1061 360 1375 403 revocandum
1398 359 1480 415 sit3
1507 373 1562 403 ac
1586 359 1784 428 foitasse

109 419 272 462 eodem
302 417 539 475 pertinent
569 418 622 461 fr.
656 418 869 462 XXXVII
900 420 948 462 et
978 418 1222 462 XXXVIII.

828 542 1063 590 XXXVII

161 671 171 680 .
212 673 222 682 .
261 627 468 680 uolucri
507 627 674 679 currit
713 645 808 678 axe
848 626 1157 697 quadriuga.
1787 613 1873 652 398

224 727 428 772 Isidorus
460 726 605 772 differ.
632 732 687 771 47
731 726 1021 771 ‘uolucres
1063 729 1222 770 autem
1252 742 1346 771 non
1378 728 1529 771 solum
1560 741 1671 773 aues
1702 687 1872 773 uo-399

106 801 279 842 camus,
312 787 395 831 sed
418 786 740 843 quadrupedes
764 785 910 829 nimia
933 785 1212 842 pernicitate
1238 789 1487 842 currentes,
1521 788 1603 831 sed
1625 791 1786 832 tamen

106 861 213 890 cum
243 845 525 902 adiectione,
557 848 612 889 ut
640 847 757 902 puta
787 845 1026 889 uolucrem
1058 858 1250 901 equum,
1283 846 1520 890 uolucrem
1550 846 1783 904 tigridem.

105 906 171 949 Vt
201 908 272 949 est
302 905 421 948 illud
451 904 650 949 Pacuui:
684 904 889 948 uolucri'
925 918 963 948 e.
997 919 1040 960 q.
1074 919 1108 949 s,

219 994 390 1037 ¹Medea
413 1003 595 1038 'versum
626 995 805 1049 expleat
893 992 1174 1050 quadriiuga
1203 995 1387 1050 scripsi:
1420 996 1478 1049 cf.
1511 995 1638 1039 Eun.
1663 1009 1702 1040 υ.
1730 999 1785 1038 92

104 1055 255 1098 coroll.
287 1059 402 1111 tray.
436 1052 624 1096 XLVIII
654 1066 760 1097 com.
795 1051 979 1096 CXXIII
1010 1052 1240 1109 quadriga
1272 1071 1307 1097 ω

813 1176 1074 1224 XXXVIII

104 1261 404 1314 Paussslum
442 1261 656 1331 repeda,
694 1261 876 1332 gnate,
915 1280 946 1313 a
983 1261 1253 1314 uestibulo
1292 1262 1530 1333 gradum.
1789 1279 1876 1318 400

105 1421 123 1464 1
215 1362 386 1443 ²Festus
418 1377 461 1419 p.
489 1367 572 1406 281
598 1363 658 1407 M.
725 1362 1047 1418 ‘repedare‚
1079 1362 1307 1406 recedere.
1362 1363 1631 1409 Pacuius:
1671 1379 1787 1421 pau·

125 1437 203 1465 um
263 1436 301 1466 e.
335 1437 377 1477 q.
413 1437 446 1467 S.

221 1509 482 1567 pauxillum
517 1510 566 1556 0.
596 1510 850 1555 Muellerus
878 1509 1073 1567 paulum
1103 1512 1196 1555 cod.
1288 1512 1462 1568 repeda
1495 1512 1687 1557 Vrsinus
1717 1526 1786 1556 re-

109 1570 223 1613 cede
254 1572 347 1614 cod.

107 1719 254 1783 Quae
292 1723 471 1772 meum
509 1719 730 1771 uenenis
768 1718 919 1770 flexit
957 1719 1163 1772 socium
1201 1721 1431 1788 pectora.

224 1820 408 1865 Servius
433 1820 549 1863 Dan.
581 1818 631 1862 in
654 1820 766 1862 Aen.
794 1819 836 1863 V
860 1824 915 1863 28
952 1819 1154 1864 ‘flecte
1187 1823 1344 1864 autem
1375 1820 1609 1878 significat
1639 1824 1784 1878 muta,

104 1880 358 1925 Pacuuius:
413 1880 558 1935 quae'
610 1892 647 1922 e.
681 1893 735 1934 q.
759 1893 792 1923 s.
862 1879 1005 1923 Recte
1052 1879 1249 1924 Bothius
1298 1879 1448 1923 Circes
1503 1894 1682 1925 venena
1736 1881 1787 1925 in

106 1939 288 1996 Niptris
318 1940 576 1982 memorata
607 1936 855 1981 intellexit.

902 2034 988 2081 XL
1112 2080 1116 2082 .

1081 2105 1305 2156 eundem
1343 2104 1492 2156 fssios
1525 2129 1528 2132 ⁴

108 2192 226 2246 Sibi
263 2186 568 2261 procreasse
606 2192 702 2260 per
743 2190 1081 2261 Calipsonem
1103 2196 1413 2247 autumant.

224 2291 488 2336 Priscianus
519 2307 564 2348 p.
598 2296 682 2336 685
715 2292 763 2336 P.
830 2291 905 2336 ‘in
939 2300 970 2337 ‘o
1005 2294 1282 2350 productam
1314 2292 1577 2337 desinentia
1609 2293 1786 2338 Graeca

107 2354 216 2395 sunt
257 2350 483 2395 feminina
522 2352 570 2394 et
607 2350 685 2394 uel
724 2350 896 2396 Graece
937 2351 1231 2396 declinantur
1263 2388 1271 2395 .
1301 2387 1308 2394 .
1338 2388 1346 2396 .
1379 2351 1456 2396 uel
1496 2351 1660 2396 addita
1697 2353 1791 2402 nis,

105 2410 288 2455 faciunt
324 2408 615 2466 genetiuum‚
655 2412 709 2453 ut
745 2409 866 2454 Dido
898 2410 1107 2455 Didonis.
1170 2410 1338 2454 Accius
1371 2412 1496 2469 [386]
1527 2411 1782 2457 Pacuuius.

106 2469 252 2514 filios’
289 2483 325 2513 e.
352 2484 395 2524 q.
422 2484 455 2512 s.
502 2445 644 2525 paulo
675 2468 818 2514 infra:
854 2470 998 2525 ‘qu'od
1030 2473 1187 2514 autem
1216 2469 1340 2513 Ionis
1373 2471 1420 2513 et
1444 2469 1782 2527 Calypsonis

108 2531 156 2572 et
193 2527 389 2572 Didonis
433 2527 623 2583 dicitur,
672 2528 877 2572 ostendit
919 2529 1007 2573 hoc
1046 2528 1190 2572 etiam
1228 2527 1481 2572 Caesellius
1512 2529 1697 2574 Vindex
1734 2530 1784 2573 in

107 2589 360 2631 stromateo
391 2586 465 2630 his
496 2564 672 2632 uerbis:
707 2586 1092 2643 Calypsonem.
1140 2587 1209 2630 ita
1241 2587 1526 2631 declinatum
1557 2592 1628 2632 est
1659 2590 1784 2645 apud

109 2646 341 2702 antiquos.
402 2645 564 2689 Liuius
599 2682 607 2690 .
637 2682 644 2690 .
673 2681 682 2690 .
714 2645 891 2689 Ennius
919 2683 926 2690 .
956 2683 964 2690 .
993 2682 1001 2690 .
1027 2645 1228 2689 Accius)
1301 2646 1536 2690 Charisius
1575 2663 1618 2703 p.
1652 2652 1706 2690 47
1732 2649 1782 2692 P.

111 2706 220 2749 ‘sed
271 2704 438 2748 melius
486 2707 609 2748 esset
655 2705 909 2748 secundum
953 2704 1172 2748 Latinam
1218 2705 1601 2750 consuetudinem
1646 2706 1783 2749 huius

107 2763 384 2820 Sapphonis‚
416 2763 611 2807 Didonis
645 2763 810 2807 dicere.
873 2762 995 2806 Nam
1026 2766 1073 2806 et
1103 2763 1331 2808 Pacuuius
1365 2764 1430 2808 sic
1462 2763 1668 2808 declinat

106 2822 289 2879 Niptris
320 2821 527 2866 reddidit
556 2822 728 2866 Delrio.

229 2915 253 2954 1
277 2925 339 2967 sq.
386 2909 506 2954 filios
554 2909 645 2954 sibi
690 2924 956 2967 procreasse
1004 2911 1200 2954 eundem
1248 2911 1482 2957 Charisius
1527 2910 1647 2956 filios
1695 2913 1785 2957 sibi
