1980 3146
822 113 872 158 L.
905 113 1115 159 ACCIVS
1703 113 1806 167 163

247 247 366 292 Non.
402 251 499 304 178,
527 252 581 291 12
616 246 912 292 ‘tetinerit
940 230 1260 304 protenuerit
1283 283 1292 292 .
1314 283 1322 292 .
1342 247 1371 292 .’

252 334 276 372 2
308 328 534 372 uictorem
563 343 642 373 ms.
677 328 837 385 Fabri,
868 330 1057 384 fm‘tasse
1086 334 1200 373 recte
1230 328 1449 372 ulltorem
1471 329 1515 372 L
1605 330 1658 372 ut
1689 330 1808 384 quae

128 390 230 431 tum
260 387 446 432 absenti
476 387 525 430 in
555 388 693 431 rebus
726 388 768 432 d.
803 387 991 444 coniugi
1018 389 1024 445 Ι
1051 387 1284 444 tetinerit,
1323 387 1366 431 ei
1404 401 1526 431 nunc
1564 403 1608 444 p.
1639 387 1804 432 victori

130 447 298 492 fidem?
334 447 516 503 Om‘mw,
550 448 636 492 alii
666 448 762 492 alia

957 514 1003 559 X

130 627 348 642 .....
388 591 531 642 seras
569 589 852 659 potiuntfir
888 513 1088 660 plIagaS.
1810 607 1867 646 40

249 683 460 763 Donatus
498 683 548 726 in
579 682 763 727 Terent.
795 681 992 738 Adelph.
1019 683 1062 726 V
1086 687 1133 739 4,
1162 688 1215 726 17
1260 682 1507 739 ‘potitur
1539 682 1807 727 aecusatiuo

135 755 247 785 casu
274 775 282 787 .
310 778 319 787 .
348 780 356 787 .

253 836 379 867 seras
409 825 475 868 ed.
510 823 676 867 Veneta
709 822 825 867 siras
850 824 943 868 cod.
969 823 1078 881 Rey.
1112 823 1234 867 feras
1259 825 1324 868 ed.
1345 838 1416 880 pr.
1453 837 1616 867 saeuas
1639 825 1811 869 conieci

134 895 319 926 serenas
351 883 419 927 vel
449 881 687 926 astriferas
717 884 785 927 vel
817 895 1007 938 superas
1037 884 1169 940 malit
1198 883 1301 927 Bue

946 993 991 1040 X

130 1074 358 1128 Matrem
412 1075 482 1129 ob
532 1077 646 1129 iure
696 1077 898 1129 factum
945 1077 1153 1146 inoilaS,
1206 1077 1504 1147 genitorem
1551 1077 1809 1130 iniustum

1192 1165 1470 1236 adprobas

246 1258 365 1303 Non.
394 1262 492 1315 125,
518 1264 544 1302 2
580 1258 849 1303 ‘ineilare
881 1261 953 1304 est
983 1259 1223 1316 increpare
1246 1260 1324 1305 uel
1347 1259 1608 1317 inprobare.
1640 1258 1808 1303 Accius

130 1317 438 1375 Meleagro..
469 1355 476 1362 .
502 1317 628 1362 idem
660 1317 1111 1375 Clytemestra..
1143 1319 1171 1364 .’

247 1401 445 1443 matrem
477 1399 536 1442 ob
565 1400 753 1444 Grotius
783 1402 932 1444 matre
962 1413 1065 1444 meo
1099 1418 1133 1444 ω
1164 1402 1363 1444 matrem
1391 1414 1466 1443 me
1499 1399 1559 1444 ob
1586 1400 1811 1458 Berykius

247 1479 331 1523 His
375 1479 584 1536 reliquiis
629 1480 824 1538 adiungi
862 1483 1058 1538 possunt
1095 1481 1184 1525 ine.
1224 1481 1318 1526 fab.
1358 1481 1413 1526 fr.
1443 1482 1478 1526 I.
1511 1481 1555 1525 11
1591 1480 1680 1525 ine.
1719 1480 1808 1526 inc.

130 1538 223 1583 fab.
257 1539 436 1584 LXVII.

675 1605 1267 1654 AGAMEMNONIDAE

956 1693 982 1740 I

133 1812 350 1822 .....
390 1768 700 1822 inimicitias
738 1768 1055 1839 Pelopidam

128 1857 411 1910 Extinctas
450 1858 556 1910 iam
596 1861 756 1927 atque
796 1858 1131 1912 oblitteratas
1170 1859 1427 1911 memoria

132 1945 413 1999 Renouare

247 2040 365 2085 Non.
400 2044 505 2097 146,
531 2045 589 2084 29
638 2040 1011 2085 ‘oblitterare
1055 2044 1127 2086 est
1166 2041 1514 2086 obseurefacere
1554 2044 1601 2086 et
1640 2041 1690 2086 in
1729 2043 1809 2087 ob-

131 2098 356 2144 liuionem
388 2099 587 2144 ducere.’

248 2186 270 2223 1
303 2179 579 2237 Pelopidam
606 2181 789 2226 Vossius
816 2180 1147 2237 Pelopidarum
1170 2200 1205 2226 ω
1298 2187 1323 2225 2
1349 2181 1579 2226 extinctas
1596 2183 1661 2239 H,
1685 2184 1809 2228 Ben-

128 2240 253 2284 ti‘nus
291 2239 498 2283 extincta
537 2257 572 2296 φ
693 2240 788 2283 iam
828 2242 968 2295 atque
1007 2242 1079 2297 H,
1111 2241 1285 2285 Junius
1324 2243 1423 2284 tam
1461 2259 1519 2298 φ,
1558 2244 1653 2287 nisi
1690 2244 1810 2300 quod

131 2311 274 2341 causa
325 2299 504 2355 Vrbin„
559 2300 680 2344 unde
724 2313 873 2355 pausa
919 2301 1088 2346 conieci
1132 2302 1206 2357 (cf.
1254 2301 1404 2345 coroll.
1451 2315 1558 2345 com.
1608 2300 1808 2359 CXXIV)

130 2355 259 2400 fama
290 2357 392 2401 Bue

1455 2498 1531 2532 Slc
1809 2510 1865 2550 45

132 2564 315 2636 Multi,
354 2566 564 2618 animus
603 2584 831 2634 quorum
870 2566 1038 2618 atroci
1076 2566 1289 2619 uinctus
1326 2567 1533 2621 malitia
1571 2572 1672 2638 est,

136 2652 444 2723 Composita
483 2654 623 2706 dieta
663 2672 690 2706 e
728 2655 942 2723 pectore
982 2655 1241 2707 euolmint
1278 2673 1372 2708 suo
1382 2698 1396 2725 ,

132 2741 278 2804 Quae
317 2745 437 2795 elim
476 2760 763 2812 componas
771 2785 785 2811 ,
825 2742 966 2794 di'eta
1004 2742 1160 2795 factis
1199 2742 1513 2812 discrepant.

248 2834 367 2879 Non.
402 2840 501 2893 260,
527 2841 580 2880 21
618 2837 996 2892 ‘oomponere,
1030 2834 1247 2880 simulare
1279 2835 1354 2880 uel
1386 2836 1590 2894 fingere.’

253 2922 274 2959 1
310 2916 374 2959 sic
407 2918 578 2962 delebat
611 2918 794 2962 Vossius

1457 2992 1542 3035 11*
