2020 3140
209 87 323 140 308
503 87 585 130 EX
614 85 894 131 INCERTIS
924 85 1325 132 INOERTORVM
1354 87 1605 133 FABVLIS

205 221 361 276 Nihil
397 221 590 273 horum
630 221 858 274 similest
896 221 1039 290 apud
1075 221 1342 275 Lacaenas
1380 221 1639 294 uirgines,

208 310 413 373 Quibus
451 309 623 380 magis
659 310 926 378 palaestra
962 309 1171 363 Eurota
1208 311 1290 363 sol
1327 311 1508 379 puluis
1542 311 1698 365 labor

204 398 404 452 Militia
441 398 620 454 studio
660 401 741 450 est
780 399 941 467 quam
979 398 1232 451 fertilitas
1270 399 1511 452 barbara.

321 498 479 543 Cicero
510 499 645 544 Tusc.
679 499 796 556 disp.
829 500 873 543 H
900 504 969 556 15,
994 504 1051 542 36
1089 498 1276 555 ‘itaque
1307 499 1394 556 illi,
1427 499 1511 556 qui
1541 501 1768 546 Graeciae
1800 502 1891 547 for-

203 572 329 602 mam
371 571 525 602 rerum
569 558 865 615 publicarum
911 558 1160 615 dederunt,
1210 573 1407 616 corpora
1451 559 1676 604 iuuenum
1716 561 1893 605 firmari

202 617 363 661 labore
401 617 663 662 uoluerunt.
728 617 863 671 Quod
894 617 1159 674 Spartiatae
1198 617 1343 662 etiam
1373 618 1424 662 in
1454 618 1654 664 feminas
1683 621 1892 665 transtu-

203 676 378 732 lerunt,
425 690 547 732 quae
594 676 760 720 ceteris
798 677 849 720 in
886 677 1081 721 urbibus
1118 676 1395 722 mollissimo
1435 678 1565 722 cultu
1604 679 1891 736 parietum

204 735 418 780 umbris
466 736 819 781 occuluntur.
881 735 958 779 Illi
1003 738 1164 780 autem
1208 737 1460 781 uoluerunt
1505 737 1657 782 nihil
1694 739 1891 783 horum

205 794 391 838 simile
431 809 555 839 esse
594 795 743 852 apud
780 796 1095 839 Lacaenas’
1137 810 1176 840 e.
1208 810 1253 851 q.
1287 811 1322 840 s.
1385 797 1616 840 Versuum
1653 802 1889 842 206-208

203 853 430 897 indicium
469 854 648 911 primus
685 854 802 898 fecit
832 854 1055 911 Scaliger.
1116 855 1186 898 Ex
1224 854 1463 913 Meleagro
1502 855 1634 900 Accii
1672 857 1893 901 videntur

206 916 394 970 sumpta
425 927 540 959 esse.

299 1038 302 1040 Α
325 999 347 1037 1
395 995 630 1051 parietum
674 995 851 1038 umbris
899 995 1175 1039 occuluntur
1223 995 1377 1040 Cicero
1498 1001 1523 1039 2
1563 995 1716 1040 simile
1763 997 1891 1054 apud

205 1054 409 1112 Scaliqer
498 1059 525 1098 3
557 1054 758 1098 Eurotas
788 1055 886 1099 edd.
978 1060 1008 1099 4
1039 1054 1216 1098 duritia
1243 1055 1480 1100 Bentleius
1568 1055 1724 1099 studio
1750 1057 1889 1101 Lam-

205 1114 340 1158 binus
371 1128 471 1158 susm
499 1113 676 1159 Oaeo‘nu.
709 1115 899 1171 aliquot,
929 1116 973 1158 si
998 1115 1111 1170 fides
1139 1114 1442 1159 collatoribus.
1481 1113 1533 1157 in
1563 1114 1720 1158 studio
1753 1133 1804 1171 φ,
1836 1117 1890 1161 de

203 1187 296 1230 qua
317 1174 547 1229 scriptura
571 1175 631 1228 cf.
656 1173 985 1218 Lachmaunus
1007 1175 1060 1217 iu
1082 1173 1222 1218 Lucr.
1247 1174 1330 1217 IV
1348 1177 1437 1217 283
1524 1173 1732 1217 facilitas
1757 1175 1887 1220 Leid.

209 1232 351 1277 Oxou.
383 1247 506 1277 wnus
534 1231 741 1276 futilitas
773 1233 1011 1277 Bentleius

979 1341 1115 1390 CXII

204 1425 281 1479 Vt
318 1427 520 1480 multus
559 1446 587 1480 e
624 1427 923 1480 uisceribus
961 1427 1180 1497 sanguis
1218 1428 1385 1479 exeat.

322 1519 480 1564 Cicero
510 1520 645 1566 Tusc.
679 1519 796 1577 disp.
821 1520 865 1563 II
889 1524 964 1575 14,
991 1525 1049 1563 34
1089 1518 1322 1575 ‘itemque
1360 1519 1586 1577 Lycurgi’
1621 1522 1701 1586 (sc.
1737 1520 1887 1578 leges)

207 1578 471 1624 ‘laboribus
503 1579 722 1624 erudiunt
743 1579 1038 1623 iuuentutem
1063 1615 1071 1623 .
1092 1615 1100 1623 .
1122 1615 1130 1623 .
1157 1579 1355 1635 Spartae
1378 1593 1490 1623 uero
1512 1593 1646 1636 pueri
1669 1579 1731 1623 ad
1756 1593 1888 1624 aram

206 1637 274 1682 sic
302 1638 574 1683 uerberibus
606 1638 912 1695 accipiuntur,
943 1640 1006 1682 ut
1034 1637 1273 1682 multus’
1307 1652 1345 1682 e.
1371 1653 1414 1694 q.
1441 1653 1475 1683 s.
1523 1639 1671 1682 Versu
1702 1638 1886 1696 tragico

205 1696 474 1742 Ciceronem
502 1698 575 1742 uti
606 1697 941 1742 animadvertit
969 1697 1309 1741 Lachmannus.

321 1779 482 1823 multis
515 1780 723 1824 Bruoeell.

967 1843 1128 1892 CXIII

116 1940 203 1979 210
219 1927 333 1980 V6s
363 1927 505 1979 enim
536 1928 756 1980 iuuenes
778 1928 1017 1980 animum
1041 1926 1227 1997 geritis
1252 1927 1583 1997 muliebrem,
1614 1929 1708 1982 illa
1730 1930 1886 2001 uirgo

1265 2034 1386 2067 nlrl.

324 2101 480 2146 Cicero
528 2102 586 2145 de
625 2102 699 2147 off.
733 2102 754 2145 I
788 2106 863 2157 18,
890 2106 943 2144 61
997 2100 1391 2157 ‘intellegendum
1438 2104 1597 2146 autem
1642 2105 1732 2160 est,
1781 2117 1887 2148 cum

203 2161 446 2218 proposita
477 2160 572 2204 sint
601 2174 774 2217 genera
804 2162 1042 2217 quattuor,
1078 2173 1103 2203 e
1133 2159 1303 2215 quibus
1335 2160 1556 2205 honestas
1590 2161 1885 2219 officiumque

204 2222 431 2276 manaret,
464 2219 895 2276 splendidissimum
923 2218 1087 2275 uideri,
1119 2219 1246 2274 quod
1277 2219 1434 2263 animo
1465 2233 1635 2277 magno
1667 2221 1885 2278 elatoque

205 2279 527 2335 humanasque
578 2293 651 2323 res
705 2278 992 2336 despiciente
1037 2278 1216 2322 factum
1262 2277 1337 2323 sit.
1398 2279 1564 2334 Itaque
1608 2279 1658 2323 in
1702 2281 1885 2338 probris

205 2337 407 2382 maxime
437 2338 488 2381 in
516 2340 736 2395 promptu
768 2340 862 2394 est,
903 2337 942 2381 si
972 2337 1086 2393 quid
1117 2335 1214 2380 tale
1246 2336 1341 2380 dici
1369 2340 1547 2393 potest:
1579 2353 1678 2383 uos
1711 2339 1881 2383 enim’

207 2411 245 2442 e.
263 2412 306 2452 q.
325 2412 360 2442 s.
409 2398 477 2441 ‘et
499 2398 539 2441 si
562 2396 676 2452 quid
700 2396 953 2442 eiusmodi:
975 2396 1111 2455 [Enn.
1129 2396 1269 2454 338].’
1316 2396 1551 2454 Meleagro
1568 2397 1700 2442 Accii
1723 2398 1880 2442 tribui.

326 2478 642 2535 Septenarium
669 2479 869 2523 restituit
894 2478 1223 2522 Lachmawnus
1312 2476 1485 2521 etenim
1515 2479 1654 2523 Rern.
1681 2495 1710 2524 a
1798 2478 1884 2522 illa

208 2539 365 2581 autem
396 2536 487 2580 uiri
520 2537 884 2582 GFWMueller
913 2538 1026 2581 conl.
1053 2536 1235 2592 prosod.
1263 2536 1419 2581 Plaut.
1445 2541 1532 2580 330
1547 2551 1652 2595 sqq„
1683 2539 1761 2582 sed
1782 2539 1884 2582 vide

209 2596 437 2641 Skutschii
467 2597 696 2641 Plautina
725 2602 768 2641 et
798 2597 1012 2641 Romana
1035 2610 1084 2651 p.
1112 2599 1196 2637 122

973 2704 1128 2753 CXIV

283 2831 293 2841 .
353 2768 565 2841 tantum
601 2790 857 2860 gaudium
894 2789 1098 2842 oboriri
1136 2789 1203 2839 ex
1240 2786 1478 2839 tumultu
1514 2787 1770 2840 maximo!

326 2888 488 2933 Festus
511 2905 556 2946 p.
582 2894 668 2933 190
686 2890 747 2933 Μ.
795 2889 1081 2933 ‘oboritur
1102 2885 1330 2932 nascitur:
1354 2898 1463 2928 nam
1486 2886 1880 2941 praepositionem
