1980 3146
223 101 325 153 158
758 130 763 134 ·
910 101 960 146 L.
993 100 1204 146 ACCIVS

217 316 299 370 Ne
339 320 448 368 inim
493 334 613 368 cum
652 317 828 369 seruat
863 241 1078 386 fictu?
1089 317 1393 371 iraclindiae

333 409 450 454 Non.
485 414 590 466 504,
617 415 673 454 27
724 410 939 454 ‘feruat
974 425 1059 468 pro
1090 410 1272 455 ferueat
1298 447 1306 456 .
1333 447 1341 455 .
1369 448 1378 457 .
1404 411 1572 456 Accius
1611 412 1762 458 Acille
1789 449 1797 458 .
1827 450 1834 457 .
1862 414 1891 457 .’

218 468 460 525 (Achille
491 469 673 527 Bamb.)

331 548 575 594 iracundia
606 551 672 595 ed.
709 556 820 595 1526
995 596 999 599 .

1021 617 1098 665 III

319 734 330 744 .
371 734 382 745 .
422 711 491 744 an
528 694 738 762 sceptra
776 694 883 746 iam
921 694 1181 746 flaccent‘?
1219 695 1369 747 ferat.

330 785 448 831 Non.
484 776 582 843 110,
609 791 664 830 12
701 787 941 831 ‘flaccet
970 787 1180 845 langueiz,
1213 787 1371 832 deficit
1396 790 1484 833 ...²

329 866 500 911 fiacent
529 877 567 924 ψ
659 867 758 912 fera
794 869 1049 926 Quicherat,
1079 879 1174 914 non
1203 871 1320 914 male

830 993 1272 1042 MYRMIDONES

239 1151 260 1191 t
289 1090 513 1192 Mlncerta
544 1090 812 1135 coniectura
845 1090 990 1135 statui
1022 1090 1219 1134 eandem
1249 1089 1460 1134 fabulam
1487 1090 1632 1134 fuisse
1656 1091 1891 1138 Acunum

212 1161 235 1191 6
334 1160 605 1195 YRMIDONES.

212 1291 292 1343 Tu
330 1292 679 1360 pertinaciam
718 1294 851 1363 esse,
889 1290 1199 1361 Antiloche,
1237 1291 1374 1344 hanc
1411 1292 1705 1363 praedicaS,

151 1399 176 1436 5
208 1381 327 1452 Ego
367 1381 721 1450 peruicaciam
760 1381 845 1433 aio
885 1384 938 1433 et
977 1400 1037 1433 ea
1075 1399 1160 1433 me
1198 1380 1285 1433 uti
1318 1382 1465 1434 uolo:

208 1469 354 1522 Haec
391 1470 548 1522 f6rtis
587 1470 851 1540 sequitur,
890 1469 1040 1522 ssiam
1080 1469 1281 1522 indocti
1319 1470 1607 1539 p6ssident.

208 1559 288 1610 Tu
328 1558 477 1611 addis
518 1559 662 1628 quod
701 1559 837 1611 uitio
878 1562 981 1628 est,
1020 1559 1188 1611 demis
1229 1559 1372 1627 quod
1408 1558 1557 1611 laudi
1595 1559 1762 1613 datur.

206 1647 348 1700 Nam
386 1647 718 1716 peruicacem
759 1646 863 1699 dici
901 1666 985 1700 me
1027 1666 1137 1700 esse
1178 1650 1232 1699 ek
1268 1647 1482 1700 uincere
1765 1704 1767 1707 ,
1866 1665 1884 1698 5

207 1735 468 1789 Perfacile
506 1736 705 1804 patior,
743 1735 1069 1804 pertinacem
1106 1734 1189 1786 m'l
1227 1753 1420 1787 moror.

323 1829 443 1873 Non.
476 1833 585 1885 433,
617 1834 639 1872 1
693 1827 1046 1884 ‘peruicacia
1094 1829 1141 1871 et
1184 1827 1511 1884 pertinacia
1557 1828 1645 1872 hoc
1685 1828 1883 1876 disizant:

205 1888 470 1944 peruicacia
517 1890 588 1932 est
633 1887 868 1931 interdum
910 1887 1139 1931 bonarum
1176 1900 1328 1930 rerum
1365 1887 1734 1944 perseuerantia,
1782 1902 1883 1945 per-

206 1947 384 1991 tinacia
424 1960 604 2004 semper
632 1946 896 1991 malarum.'
962 1945 1027 1990 Cf.
1061 1945 1309 1990 Frontonis
1348 1945 1483 2002 epist.
1516 1946 1581 1991 IV
1604 1951 1652 1991 2:
1684 1946 1791 1991 vide
1823 1948 1882 1991 ad

206 2006 345 2050 Ennii
375 2006 429 2052 fr.
462 2006 551 2051 inc.
583 2005 677 2049 fab.
710 2005 824 2049 LXI.

326 2093 350 2131 2
382 2087 457 2131 aio
489 2087 668 2132 Aldina
700 2086 746 2130 ai
777 2104 811 2129 ω
925 2089 974 2130 et
1005 2100 1060 2130 ea
1094 2087 1339 2131 Fruterius
1369 2088 1418 2130 et
1449 2100 1477 2129 a
1509 2103 1543 2129 ω
1577 2088 1624 2130 et
1654 2086 1741 2130 hac
1774 2087 1880 2132 Sca-

207 2149 319 2204 liyer
349 2160 418 2202 ea,
450 2160 545 2196 om„
567 2148 626 2203 et,
659 2146 988 2191 Lachmannus
1100 2147 1262 2190 Versus
1293 2150 1407 2189 3-6
1439 2147 1614 2190 inverso
1645 2147 1802 2190 ordine
1831 2148 1883 2190 in

209 2207 336 2250 libris
371 2208 585 2261 ferwntur
621 2206 722 2250 hoc:
764 2209 790 2248 5
823 2209 848 2248 6
881 2209 907 2248 3
939 2211 990 2262 4,
1030 2219 1158 2262 quem
1188 2206 1383 2249 correxit
1412 2204 1611 2250 Bothius
1729 2209 1754 2248 5
1787 2204 1881 2248 dici

206 2265 406 2323 Scaliyer
452 2263 569 2307 dicis
617 2281 651 2308 ω
786 2277 859 2307 me
906 2277 1006 2307 esse
1051 2265 1158 2319 fort.
1206 2278 1262 2308 ex
1306 2263 1439 2307 meed
1488 2269 1660 2308 ortum:
1715 2265 1772 2319 cf.
1820 2266 1882 2309 ad

205 2338 242 2368 v.
277 2328 332 2367 36
365 2330 407 2368 et
438 2328 492 2366 53

1013 2388 1065 2435 H

119 2442 173 2553 ἒξ
208 2464 400 2517 Classis
431 2465 641 2517 ssrahere
673 2465 730 2517 in
761 2465 931 2517 salum
963 2465 1117 2533 (me)
1149 2467 1202 2516 et
1225 2464 1344 2516 uela
1366 2465 1650 2530 uentorum
1675 2463 1879 2516 animae

1263 2552 1554 2605 immittere

320 2645 439 2691 Non.
480 2651 588 2703 234,
622 2651 648 2690 8
691 2645 923 2702 ε31111113,
964 2649 1132 2690 uentus
1159 2646 1276 2691 ....’
1341 2644 1549 2689 Conhulit
1586 2645 1877 2688 Hermannus

203 2704 390 2748 Homeri
421 2705 472 2749 11.
505 2705 569 2748 IX
593 2709 677 2749 358
697 2720 795 2761 sqq.

321 2784 482 2829 classis
528 2785 717 2842 (classes
764 2787 894 2842 Jun.)
942 2787 1173 2830 Mercerus
1218 2784 1354 2829 lassis
1382 2802 1429 2828 ,ω
1573 2786 1877 2840 septenarium

204 2844 436 2899 discripsi,
481 2846 687 2889 senarios
724 2844 895 2888 classes
933 2846 967 2888 t.
1007 2844 1057 2887 in
1095 2859 1129 2888 s.
1166 2844 1172 2902 Ι
1208 2845 1255 2901 et
1291 2857 1334 2887 11.
1375 2857 1417 2886 11.
1459 2856 1499 2886 a.
1541 2842 1568 2885 i.
1604 2842 1805 2900 Scaliyer
1834 2849 1875 2888 et

204 2905 478 2958 transposito
510 2902 682 2946 classes
714 2905 849 2948 initio
878 2917 918 2947 v.
950 2904 1140 2948 alterius
1172 2901 1380 2947 Grotius:
1412 2903 1467 2956 cf.
1501 2903 1647 2945 coroll.
1680 2901 1822 2944 XLIX
