1980 3146
835 92 886 136 L.
919 91 1130 136 ACCIVS
1714 93 1823 145 243

261 225 380 270 Non.
405 230 507 282 463,
534 230 588 269 15
624 224 994 268 ‘cachinnare
1023 239 1117 269 non
1149 225 1205 268 de
1235 223 1332 267 risu
1355 226 1555 280 tantum,
1588 225 1669 268 sed
1694 227 1741 268 et
1766 226 1824 269 de

143 298 256 329 sono
287 284 633 328 uehementiore
663 285 875 328 uetustas
908 283 1001 328 dici
1032 283 1196 328 uoluit.
1257 282 1424 328 Accius
1455 282 1635 327 Finidis
1660 321 1697 328 ..
1735 285 1747 305 ’

262 393 284 431 1
317 401 487 445 megna
515 388 560 431 L
599 390 767 445 stagna
797 387 1035 432 Bentleius
1153 391 1179 430 2
1216 386 1467 430 suauisona
1506 387 1640 446 echo]
1680 400 1826 431 saeua

142 447 350 491 sonando
383 464 418 491 ω
456 446 702 491 saeuisona
740 445 1003 503 (raucisona
1039 447 1154 490 comi.
1186 448 1236 503 x)
1275 446 1389 490 echo
1422 446 1648 504 Berykius
1679 460 1824 491 saeua

141 505 340 550 Celaeno
386 507 622 551 Bentleius
752 511 778 550 3
819 505 1066 561 clangente
1113 505 1312 564 Sealiyer
1358 505 1628 562 clangentes
1667 522 1702 549 ω

140 565 391 609 cachinnat
422 566 623 624 Scaliyer
653 564 936 608 cachinnant
967 581 1001 607 ω

936 718 1014 766 H]

139 811 322 864 Tacite
361 810 604 864 tonsillas
641 809 800 862 litore
837 810 896 862 in
933 810 1072 862 lecto
1112 809 1264 861 edite.

256 927 421 970 Festus
451 941 496 983 p.
522 930 607 970 356
631 926 693 970 M.
758 924 1103 984 ‘[tonsillam
1150 924 1236 984 ait]
1285 938 1385 968 esse
1423 924 1614 968 Verrius
1658 926 1821 982 palum

140 986 351 1030 dolatum
381 1013 437 1018 —
469 1011 525 1018 —
565 984 757 1042 cuspide
802 984 1142 1041 praeferratum
1173 1012 1229 1017 —
1262 1011 1318 1017 —
1351 1011 1407 1016 —-
1441 1010 1496 1016 —-
1537 985 1723 1043 [Accius
1768 985 1821 1029 in

137 1044 390 1103 Phi]m‘dis:
422 1047 612 1089 tacete
645 1046 700 1088 et
729 1043 1006 1088 tonsillas
1037 1043 1147 1087 lito
1168 1079 1382 1089 ........
1401 1043 1589 1088 edite.’
1645 1045 1819 1088 Paulus

137 1114 181 1161 p.
207 1108 292 1148 357
316 1104 378 1150 Μ.
429 1103 722 1148 ‘tonsilla'
758 1117 796 1147 e.
815 1118 858 1159 q.
877 1118 911 1148 s,
967 1102 1211 1148 ‘Accius:
1244 1105 1434 1147 tacete
1468 1103 1816 1149 et...edite.’

255 1207 399 1251 tacite
437 1207 682 1253 Fruterius
710 1209 865 1251 tacete
896 1209 945 1251 et
973 1207 1162 1263 Festus,
1196 1208 1373 1252 Paulus
1468 1207 1610 1251 litora
1641 1208 1820 1252 Paulus

226 1267 348 1311 lecto
401 1267 449 1312 O.
490 1267 743 1312 Muellerus
794 1266 919 1311 lecta
965 1267 1144 1311 Paulus
1184 1303 1228 1311 ..
1263 1266 1350 1310 edo
1397 1269 1548 1323 apices
1591 1269 1644 1311 iu
1691 1267 1819 1311 Festi

136 1328 230 1371 cod.
271 1327 435 1371 Vrsiuo
481 1332 816 1383 apparuerwnt,
870 1339 980 1383 quos
1025 1340 1118 1370 uou
1156 1329 1346 1384 -ayuovit
1384 1327 1446 1371 H.
1489 1326 1690 1383 Keilius,
1737 1339 1818 1371 uec

135 1392 360 1442 apparent
389 1387 441 1430 iu
470 1387 604 1443 imay.
631 1387 835 1444 photoyr.

938 1480 1012 1527 IV

135 1571 412 1641 Obtorque
450 1573 654 1641 prorim
693 1590 752 1624 ac
791 1575 960 1641 suppa
998 1575 1168 1625 tortas
1206 1573 1436 1641 copulas
1816 1583 1908 1623 575

251 1688 369 1732 Non.
390 1693 489 1744 200,
507 1693 563 1732 33
591 1688 856 1744 ‘copulae
880 1687 1062 1745 generis
1086 1686 1311 1732 feminini.
1344 1687 1511 1731 Accius
1533 1687 1711 1732 Finidis
1731 1726 1739 1733 .
1757 1725 1764 1732 .
1782 1690 1810 1735 ..’

254 1792 481 1847 obtorque
528 1792 814 1837 Passeratius
869 1792 1095 1848 abtorque
1142 1809 1176 1835 ω
1295 1790 1470 1847 prorim
1516 1792 1581 1836 W
1616 1805 1819 1849 prorem,
1896 1845 1903 1849 q
1960 1839 1962 1841 ,

132 1865 357 1907 suprascr.
398 1865 446 1906 a,
486 1851 531 1895 L
568 1865 754 1907 proram
785 1868 820 1907 φ
854 1853 909 1907 cf.
944 1851 1271 1896 Lachmarmus
1301 1852 1353 1894 iu
1382 1850 1524 1895 Lucr.
1555 1851 1621 1895 ΙΙ
1637 1855 1723 1895 553

133 1924 272 1967 supra
306 1910 414 1954 ΕΗ
426 1910 485 1953 ¹L

949 2006 996 2052 V

130 2095 243 2150 Aut
281 2099 435 2166 saepe
475 2116 540 2149 ex
576 2097 770 2149 humili
809 2097 929 2149 sede
970 2097 1198 2149 sublima
1237 2096 1428 2148 euolat.

248 2212 368 2256 Non.
401 2217 510 2268 489,
536 2217 561 2256 5
604 2212 876 2256 ‘sublima
908 2226 992 2268 pro
1026 2211 1251 2256 sublimis,
1311 2211 1479 2255 Accius
1511 2212 1690 2256 Finidis
1717 2215 1808 2258 ...’

249 2314 469 2358 sublimia
499 2314 658 2358 euolat
679 2315 831 2359 BaL¹
863 2314 1034 2358 sublim
1065 2314 1224 2358 euolat
1247 2314 1303 2358 H
1329 2313 1557 2358 sublimae
1582 2315 1810 2360 aduolant

131 2375 332 2432 Scaliyer
365 2373 592 2417 sublimae
624 2373 814 2417 euolant
845 2374 1042 2418 Bothius

927 2528 1001 2574 VI

129 2619 317 2690 Neque
357 2620 467 2673 lilla
505 2620 707 2672 interea
743 2618 871 2671 finis
910 2622 1156 2671 curarum
1196 2618 1364 2671 datur.

249 2735 367 2779 Non.
403 2740 509 2792 205,
536 2740 591 2779 10
626 2734 822 2778 ‘finem
847 2771 855 2778 .
885 2771 893 2778 .
921 2771 930 2778 .
954 2733 1176 2778 feminino
1203 2770 1212 2778 .
1240 2771 1248 2778 .
1277 2771 1284 2779 .
1309 2733 1476 2778 Accius
1508 2734 1686 2778 Finidis
1713 2737 1800 2780 ..⁷

249 2853 463 2882 curarum
485 2840 588 2884 Bue
619 2853 751 2882 curas
776 2855 824 2894 ω,
856 2840 950 2883 nisi
977 2840 1096 2895 quod
1119 2852 1228 2882 cura
1254 2837 1328 2882 12⁷¹
1352 2837 1479 2881 curai
1503 2839 1802 2895 Passeratius,

133 2896 375 2943 Fruterius
404 2897 477 2940 his
510 2898 658 2941 cureis
691 2897 827 2954 (curis
859 2898 1046 2954 Junius)
1076 2913 1108 2942 x

1451 2971 1535 3014 16*
