2020 3140
171 85 281 138 324
898 83 1124 128 ENNIVS

283 219 474 262 cunctas
497 218 655 261 caute:
680 230 707 260 o
722 217 885 273 scripsi
907 218 1074 260 cuncto
1091 217 1170 261 Ba
1178 217 1235 260 H
1241 215 1333 261 ²W
1349 218 1569 261 cunctato
1587 234 1622 274 φ
1648 219 1839 261 cunctas

166 279 363 323 Bothius
407 276 558 321 Antea
587 277 704 320 vices
727 289 1027 331 personarum
1056 276 1122 320 sic
1153 276 1498 321 distribuebam:
1533 313 1541 321 .
1562 312 1570 320 .
1596 276 1716 320 bene
1746 290 1843 320 mo-

166 338 271 381 nes:
303 337 406 380 tute
435 334 566 391 ipse?
590 362 647 367 —
671 333 860 378 Cuncto.
885 333 1079 378 —Vide
1109 333 1142 378 f.
1174 349 1218 378 u.
1250 335 1487 393 Inteyrum
1515 349 1690 380 versum
1712 337 1846 380 talem

166 396 286 439 bene
323 407 515 439 monens
553 395 656 437 tute
687 395 745 451 (h.
777 408 812 438 e.
843 394 966 450 tuto)
997 392 1098 450 ipse
1130 395 1341 439 cunctat:
1381 408 1408 438 ο
1439 393 1549 438 uide
1579 393 1611 438 f.
1643 399 1709 438 u.!
1743 395 1845 439 Bue

166 455 492 500 commendavit
521 454 779 510 (cunctatoz
813 466 839 496 o
872 453 1101 497 Vahlerms
1130 454 1227 497 ind.
1255 456 1368 497 1888
1373 452 1398 512 s
1403 455 1460 510 9).

969 592 1047 640 ΙΠ

169 677 352 747 <Iam>
383 695 539 748 agros
564 676 786 728 audaces
811 676 1136 745 depopulant
1158 677 1300 729 serui
1325 677 1664 730 dominorum
1690 677 1847 730 domi.

286 784 466 829 Nonius
495 800 541 841 p.
567 789 674 841 471,
702 789 756 829 18
807 783 1072 841 ‘populat
1119 786 1191 828 est
1232 786 1280 828 et
1318 784 1559 841 passiuum
1595 785 1849 842 populatur

172 844 441 889 ...Ennius
473 843 745 889 Ambracia:
778 845 932 901 agros’
967 857 1004 887 e.
1038 858 1081 899 q.
1115 858 1149 887 s.
1213 843 1278 888 Of.
1311 843 1421 887 hist.
1453 846 1574 900 trag.
1599 849 1698 889 211.

287 940 385 984 iam
415 942 485 985 vel
513 953 623 983 nam
647 941 1033 997 praemittendum
1056 946 1172 997 puto
1291 939 1417 984 domi
1447 941 1551 985 Bue
1581 940 1781 985 dominis
1813 958 1848 984 ω

260 999 461 1044 audaces
493 998 616 1043 serui
647 999 936 1056 depopulant
963 1013 1100 1057 agros
1123 998 1427 1043 Dominorum
1450 999 1629 1043 domini
1652 1001 1851 1046 Bothius

977 1139 1050 1186 IV

265 1267 274 1276 .
352 1227 405 1276 et
443 1241 673 1293 aequora
711 1223 849 1276 salsa
885 1241 1047 1294 ueges
1085 1223 1397 1294 ingentibus
1434 1225 1623 1277 uentis,

290 1330 470 1375 Nonius
499 1347 544 1388 p.
572 1336 678 1388 183,
703 1335 729 1374 3
764 1332 959 1388 ‘ueget
988 1345 1072 1388 pro
1104 1332 1297 1388 uegetat
1326 1331 1404 1376 uel
1434 1332 1575 1390 erigit
1603 1332 1681 1376 uel
1712 1346 1849 1390 uege-

174 1393 276 1434 tum
299 1392 371 1434 est
396 1427 404 1435 .
425 1427 433 1435 .
455 1427 463 1435 .
487 1390 664 1434 Ennius
688 1389 992 1435 Ambrachia:
1025 1391 1098 1434 et’
1126 1404 1164 1434 e.
1190 1405 1233 1446 q.
1261 1405 1293 1434 s.
1341 1391 1416 1435 An
1437 1391 1627 1436 fabulae
1650 1391 1851 1436 frustum

176 1452 224 1494 et
251 1451 418 1506 postea
447 1450 564 1494 haec
594 1450 690 1494 fere
724 1449 875 1493 ‘idem
905 1448 1147 1493 annalium
1173 1450 1231 1495 ..⁹
1266 1450 1564 1496 exciderunt?

294 1546 564 1591 Hexanwtri
609 1546 827 1604 dactylici
864 1547 1065 1601 frustum
1100 1547 1254 1602 habea,
1299 1548 1396 1592 ‘nisi
1430 1549 1547 1603 forte
1583 1553 1853 1604 anapaestos

170 1607 422 1662 praeferes:
452 1628 483 1648 υ
503 1627 534 1648 υ
556 1643 584 1648 -
607 1628 637 1649 υ
674 1607 722 1649 et
760 1618 964 1660 aequora
1003 1605 1128 1649 salsa
1157 1618 1299 1662 ueges
1329 1608 1345 1663 ΙΙ
1374 1605 1644 1663 ingentibus
1675 1605 1851 1652 uentis:

176 1666 253 1709 sed
281 1666 339 1720 cf.
372 1670 488 1723 bray.
514 1668 597 1708 251
689 1663 967 1708 Ambraciae
999 1678 1203 1720 aequora
1227 1665 1500 1711 Stobwasser
1521 1667 1574 1710 iri
1596 1666 1854 1721 Woelfflini

167 1725 298 1769 arch.
321 1723 344 1766 1
368 1727 452 1767 197
484 1724 676 1767 aethera
706 1725 754 1768 et
785 1737 988 1779 aequora
1020 1724 1244 1783 Berykius

870 1879 1159 1928 SABINAE

295 1974 645 2020 Praetextatam
674 1975 914 2020 Vahlenus
943 1976 1187 2021 indicavit.

1000 2080 1028 2128 I

122 2185 148 2225 5
182 2168 315 2223 Cum
353 2170 525 2239 spolia
561 2171 770 2242 generis
809 2171 1170 2245 detraxeritis,
1210 2171 1393 2241 quarn,
1430 2170 1699 2240 <patres>,

179 2257 590 2327 Inscriptionem
630 2259 864 2312 dabitis?

297 2365 442 2410 Iulius
472 2367 636 2412 Victor
663 2367 715 2411 in
744 2369 883 2413 rhett.
915 2369 1038 2413 Latt.
1069 2384 1113 2425 p.
1138 2373 1226 2412 402
1249 2367 1305 2412 H.
1348 2367 1427 2411 ‘ab
1459 2368 1630 2411 euentu
1661 2366 1711 2410 in
1741 2380 1855 2422 qua-

181 2424 382 2470 litate..
403 2461 413 2470 .
437 2428 491 2470 ut
521 2426 750 2471 Sabinis
781 2427 995 2494 Ennius
1028 2427 1168 2472 dixit:
1201 2427 1331 2470 cum’
1365 2440 1404 2471 e.
1436 2441 1480 2482 q.
1514 2441 1548 2470 s,

303 2525 325 2564 1
358 2521 540 2577 generis
570 2523 738 2579 Ianus,
775 2524 995 2568 nimirum
1024 2524 1266 2583 γαμβροῖς,
1304 2528 1358 2567 ut
1386 2527 1499 2567 recte
1529 2523 1854 2578 interpretatur

187 2578 422 2625 Christius.
455 2580 615 2638 generi
645 2582 774 2626 Rom.
866 2583 1024 2639 patres
1055 2583 1161 2627 add.
1193 2597 1227 2626 x
1334 2596 1336 2599 ·
