1980 3146
178 100 280 152 186
866 100 914 144 L.
946 99 1156 145 ACCIVS

877 239 1139 287 ATREVS

996 344 1021 390 I

282 427 497 480 Servius
542 426 676 478 Dan.
731 427 787 478 in
833 425 964 479 Aen.
1001 425 1135 480 VIII
1171 427 1276 480 130
1331 425 1449 479 ‘alii
1502 427 1578 480 ita
1631 428 1851 481 tradunt

171 515 470 585 Steropes
502 518 563 568 et
593 496 897 568 Atlanti?
915 515 1098 569 filios
1127 513 1508 568 Oenomaum
1539 519 1599 568 et
1622 516 1849 569 Maiam

168 605 388 674 fuisse,
458 602 760 656 Oenomai
827 603 1318 673 Hippodamiam
1386 604 1619 674 filiam,
1687 605 1848 657 unde

166 692 400 746 Atreus
453 696 662 763 natus;
725 695 787 744 at
839 692 1047 745 Maiae
1100 693 1285 745 filius
1338 691 1714 763 MercuriuS,
1777 712 1848 746 ex

170 801 288 851 quo
339 780 637 850 ArcadeS‚
692 781 762 833 de
818 781 1049 850 quibus
1080 781 1411 854 Euander,
1466 782 1609 850 quod
1654 781 1849 835 Accius

167 871 223 923 in
260 869 428 923 Atreo
467 871 678 940 plenius
715 870 912 923 refert.'

979 964 1031 1011 II

169 1047 341 1100 Simul
380 1049 433 1100 et
468 1047 655 1100 Pisaea
692 1048 929 1117 praemia
968 1051 1178 1117 arrepta
1217 1048 1247 1099 a
1285 1066 1436 1100 socro

167 1179 709 1189 .......
785 1136 1023 1205 possed1't
1059 1155 1155 1189 suo
1215 1146 1221 1154 ‘

282 1237 548 1282 Priscianus
579 1254 623 1294 p.
651 1242 736 1282 698
761 1238 810 1281 Ρ.
877 1237 1204 1281 ‘uetustissimi
1242 1239 1401 1282 tamen
1433 1237 1740 1282 communiter
1769 1238 1846 1282 hic

166 1298 213 1340 et
242 1296 359 1340 haec
392 1311 584 1340 socrus
616 1297 948 1354 proferebant.’

279 1385 489 1442 praemia
518 1385 718 1444 {Pisaea
759 1387 943 1430 Vossius
1063 1387 1223 1442 erepta
1262 1386 1372 1445 Ray.
1414 1388 1483 1443 (in
1520 1402 1605 1445 my.
1644 1401 1701 1431 m.
1728 1391 1752 1429 2
1794 1389 1846 1430 at

163 1447 366 1502 arrepta)
408 1446 548 1490 Rern.
590 1445 727 1503 Sany.
772 1445 902 1490 Grut.
944 1445 1150 1490 Karolir.
1274 1459 1406 1489 socru
1445 1446 1581 1504 Sany.
1623 1452 1663 1490 et
1702 1446 1845 1490 Halb.

162 1519 218 1548 m.
244 1511 283 1548 2.
346 1505 426 1549 Ad
454 1506 658 1549 senarios
687 1506 817 1559 redii,
850 1506 1135 1549 octonarium
1166 1505 1363 1549 Bothius
1386 1507 1543 1562 posuit

965 1631 1043 1678 III

899 1713 1098 1766 Atreus

162 1802 364 1855 Iterum
403 1803 662 1871 Thyestes
699 1802 942 1856 'Atreum
981 1803 1336 1855 adtractatum
1375 1803 1613 1871 aduenit,

161 1890 364 1944 Iterum
403 1892 510 1943 iam
550 1891 859 1962 adgreditur
895 1910 980 1943 me
1020 1893 1074 1943 et
1113 1891 1353 1960 quietum
1393 1892 1705 1944 exsuscitat:

75 1995 160 2034 200
177 1980 351 2032 Maior
387 1979 522 2032 mihi
559 1979 748 2050 moleS‚
787 1980 959 2032 maius
997 1979 1379 2032 miscendumst
1416 1979 1637 2049 malum,

165 2068 267 2131 Qui
306 2067 452 2121 ilh'us
491 2068 741 2120 acerbum
780 2069 872 2120 cor
912 2068 1234 2120 contundam
1274 2071 1328 2120 et
1366 2068 1727 2136 comprimam.

281 2169 438 2214 Cicero
471 2169 528 2212 de
560 2170 676 2213 orat.
700 2169 764 2212 III
789 2174 858 2225 58,
885 2174 970 2213 219
1005 2168 1170 2212 ‘aliud’
1207 2168 1354 2226 (uocis
1385 2183 1532 2235 genus
1566 2167 1656 2212 sibi
1685 2168 1844 2225 sumit)

166 2229 275 2273 ‘uis:
309 2230 593 2284 contentum,
625 2228 889 2283 uehemens,
921 2227 1168 2271 imminens
1201 2228 1407 2284 quadam
1436 2227 1711 2271 incitatione
1739 2242 1845 2284 gra-

163 2287 328 2331 uitatis
354 2287 545 2345 [1—4]’
609 2287 738 2330 Idem
769 2287 903 2331 Tusc.
938 2286 1055 2343 disp
1084 2287 1148 2330 IV
1172 2292 1242 2344 36,
1269 2292 1323 2330 77
1349 2287 1423 2345 (cf.
1449 2287 1564 2330 Enn.
1589 2286 1737 2343 Iphig.
1763 2286 1843 2342 IV)

166 2348 237 2390 ‘ut
266 2346 405 2391 facile
437 2348 664 2402 appareat
686 2345 818 2389 Atrei
846 2346 966 2390 filios
991 2359 1091 2389 esse
1116 2345 1229 2402 eius,
1262 2346 1343 2401 qui
1365 2346 1621 2390 meditatur
1643 2359 1842 2402 poenam

167 2405 218 2448 in
262 2406 455 2449 fratrem
495 2419 668 2448 nouam
701 2406 761 2463 [3.
792 2406 854 2506 ιιέ
919 2405 1019 2458 Quo
1065 2404 1211 2462 igitur
1255 2405 1372 2449 haec
1419 2404 1621 2461 erumpit
1664 2404 1842 2448 moles?

164 2465 288 2507 Audi
319 2465 571 2520 Thyestem
603 2406 760 2530 [XVIJ.
854 2478 985 2507 orum
1014 2463 1196 2508 uisceia
1228 2479 1256 2507 a
1257 2463 1455 2521 pponit?
1503 2464 1632 2507 Idem
1664 2463 1721 2506 de
1743 2464 1840 2506 nat.

165 2524 287 2567 deor.
320 2524 384 2567 ΠΙ
409 2529 486 2578 26,
514 2528 568 2565 68
618 2522 779 2578 ‘quid‘?
825 2522 906 2567 ille
945 2522 1155 2567 funestas
1195 2523 1356 2580 epulas
1395 2522 1531 2566 fratri
1569 2535 1840 2578 comparans

163 2596 316 2626 nonne
361 2583 519 2625 uersat
563 2582 653 2624 huc
693 2584 741 2625 et
778 2581 891 2625 illuc
930 2581 1216 2639 cogitatione
1221 2539 1515 2626 prationem?
1557 2582 1616 2638 [3.
1650 2582 1696 2638 4]
1742 2580 1842 2623 Nec

163 2643 321 2684 tamen
359 2640 441 2684 ille
471 2640 571 2697 ipse
605 2643 676 2684 est
704 2641 1069 2696 praetereundus
1101 2641 1219 2707 [VI]‚
1251 2642 1309 2684 (16
1340 2655 1431 2696 quo
1463 2641 1586 2683 recte
1620 2641 1667 2682 et
1697 2638 1841 2682 ueris-

166 2699 279 2743 sime
318 2699 526 2755 loquitur
564 2699 732 2742 Atreus
775 2700 911 2758 [VII]
974 2700 1037 2743 At
1075 2699 1124 2742 id
1163 2699 1317 2756 ipsum
1355 2713 1496 2754 quam
1528 2697 1718 2763 callide,
1759 2697 1840 2752 qui

163 2772 358 2814 regnum
396 2757 627 2802 adulterio
667 2761 912 2813 quaereret
943 2758 1102 2817 [VIII]
1164 2758 1421 2802 Videturne
1462 2770 1640 2799 summa
1670 2756 1841 2812 impro-

164 2816 314 2860 bitate
345 2831 455 2860 usus
486 2831 580 2860 non
612 2816 710 2860 sine
744 2831 924 2860 summa
955 2830 1054 2860 esse
1084 2816 1320 2860 ratione?’

283 2908 309 2946 3
340 2903 641 2960 miscendum,
673 2919 756 2949 om.
790 2906 874 2960 est,
912 2905 1042 2949 Tusc
1074 2921 1109 2948 ω
1199 2909 1228 2947 4
1259 2917 1338 2947 cor
1369 2917 1450 2947 om.
1485 2913 1522 2960 ψ
1555 2905 1608 2948 cle
1639 2910 1751 2948 orat.
