2020 3140
401 105 484 149 EX
511 102 790 149 INCERTIS
820 101 1220 147 [NCERTORVM
1250 98 1503 145 FABVLIS
1684 99 1791 152 305

112 241 332 285 fortasse:
386 251 530 295 regno
575 251 670 281 non
717 250 865 292 aequo
913 235 1068 279 animo
1116 234 1341 279 carebas?
1417 233 1555 278 Medo
1602 233 1797 277 Pacuvii

111 298 320 344 reddidit
348 297 638 342 Welckerus.

233 393 260 431 2
295 399 503 430 umorem
540 384 651 442 Rey.
692 384 813 428 Pith.
854 383 1095 427 humorem
1137 383 1256 427 Gud.
1297 383 1448 427 Bruoe.
1570 381 1795 439 exanguis

118 448 239 492 θνα.
273 458 506 503 exangues
530 461 566 500 φ
657 447 684 485 3
717 442 860 486 situm
887 441 1012 485 inter
1035 440 1127 485 oris
1151 442 1481 486 Lachmawnus
1512 440 1607 485 situ
1629 440 1795 486 intoris

116 507 246 551 Mon.
274 508 300 551 b
355 504 449 549 situ
492 501 659 546 nitoris
704 511 742 558 ψ
791 501 885 544 situ
930 500 1131 544 mucoris
1176 502 1246 545 vel
1289 516 1324 546 s.
1371 499 1602 545 indecoris
1647 502 1716 545 vel
1761 515 1795 544 s.

114 564 308 610 uictoris
340 565 474 609 ceteri
508 562 685 608 Oxovm.
719 560 814 604 situ
844 560 1022 603 nidoris
1054 561 1142 604 alii
1171 559 1313 603 situm
1342 559 1453 604 uide
1484 559 1577 604 oris
1601 560 1799 615 Bothius

117 624 212 668 situ
241 623 441 681 nigroris
472 623 606 667 tacite
630 621 858 666 Vahlenus
887 620 984 664 ind.
1015 621 1126 664 lectt.
1155 623 1269 663 1878
1290 634 1335 676 p.
1362 623 1388 663 6
1477 619 1650 676 pedore
1676 619 1799 665 Gud.

115 685 226 742 Req.
260 684 382 728 Pith.
395 718 406 738 ,
438 696 574 739 quam
603 681 878 737 scripturam
907 684 1061 723 tuetwr
1091 677 1405 723 sseckeisenus
1508 678 1699 722 horrida
1728 680 1799 722 at-

119 756 209 799 que
242 759 277 785 ω
360 742 541 786 Delevit
570 741 712 795 atque
745 739 960 793 Bothius,
996 739 1211 794 probavit
1248 744 1398 782 autem
1434 751 1611 783 versum
1640 739 1799 796 hyper·

117 808 308 846 metrum
333 807 438 857 post
467 800 816 844 Lachmammm
849 798 1077 842 Vahlenus

902 936 1019 985 CIII

121 1023 456 1077 Meministin
494 1026 547 1075 te
586 1022 844 1092 spondere
881 1020 1018 1073 mihi
1056 1022 1274 1092 gnatam
1312 1021 1496 1073 tuam?

239 1123 387 1168 Varro
419 1124 477 1167 de
508 1123 537 1167 1.
571 1123 692 1167 LVI
717 1128 771 1168 72
811 1122 903 1165 ‘sic
935 1121 1313 1178 despondisse
1344 1121 1589 1166 animum
1618 1134 1804 1178 quoque

125 1182 298 1227 dicitur
342 1185 396 1226 ut
438 1182 742 1239 despondisse
778 1181 988 1238 filiam,
1036 1181 1162 1237 quod
1201 1195 1312 1225 suae
1352 1180 1532 1238 spontis
1573 1182 1805 1225 statuerat

122 1243 282 1286 finem:
324 1256 351 1285 a
390 1257 483 1297 qua
515 1244 679 1298 sponte
711 1241 865 1285 dicere
894 1241 1174 1297 respondere
1205 1254 1391 1296 quoque
1423 1240 1660 1296 dixerunt,
1700 1254 1806 1284 cum

123 1302 184 1346 ad
217 1303 430 1358 spontem
459 1301 806 1357 responderent,
837 1300 886 1343 id
919 1303 991 1344 est
1022 1300 1083 1343 ad
1105 1300 1400 1343 uoluntatem
1422 1299 1668 1356 rogatoris.
1714 1299 1806 1344 ita-

123 1374 214 1417 que
246 1359 327 1415 qui
359 1360 420 1404 ad
450 1360 500 1403 id
531 1360 657 1415 quod
686 1361 880 1417 rogatur
908 1374 1003 1403 non
1036 1358 1164 1415 dicit,
1200 1373 1295 1403 non
1325 1359 1596 1416 respondet:
1629 1360 1684 1402 ut
1712 1372 1809 1403 non

124 1420 325 1477 spondet
354 1419 436 1463 ille
468 1418 652 1475 statim,
685 1419 766 1475 qui
797 1419 918 1462 dixit
948 1418 1175 1475 spondeo,
1209 1418 1249 1462 si
1279 1418 1468 1462 iocandi
1499 1431 1642 1462 causa
1672 1417 1807 1475 dixit,

122 1492 275 1535 neque
308 1478 387 1535 agi
415 1480 574 1535 potest
605 1493 710 1522 cum
740 1492 795 1523 eo
827 1492 883 1522 ex
915 1492 1099 1535 sponsu.
1161 1478 1327 1533 Itaque
1362 1477 1410 1521 is
1443 1476 1539 1533 qui
1570 1476 1721 1521 dicit
1749 1477 1810 1521 in

123 1537 451 1594 tragoedia:
498 1536 881 1581 meministin’
917 1551 954 1581 e.
988 1552 1030 1593 q.
1064 1552 1099 1582 8.
1169 1537 1320 1592 ‘quod
1367 1537 1466 1580 sine
1513 1538 1678 1593 sponte
1724 1551 1809 1580 sua

126 1597 270 1652 dixit,
318 1610 423 1640 cum
468 1610 523 1640 eo
568 1611 664 1640 non
703 1598 863 1654 potest
900 1596 979 1653 agi
1018 1610 1074 1640 ex
1114 1597 1317 1652 sponsu’
1374 1595 1587 1653 (itaque
1625 1595 1674 1639 18
1713 1595 1810 1652 (1111

123 1657 174 1701 L.
202 1655 476 1713 Spengelius
509 1655 728 1711 itaquis
761 1655 856 1712 qui
879 1656 1020 1713 Flor.)
1066 1654 1228 1698 Potuit
1256 1655 1374 1699 haec
1404 1654 1454 1698 in
1477 1654 1608 1698 Accii
1631 1655 1810 1699 Andro-
1876 1676 1879 1678 ·

124 1715 264 1759 meda
310 1715 503 1759 Perseus
550 1714 703 1759 dicere
750 1715 825 1772 (cf.
873 1715 982 1759 hist.
1029 1716 1150 1771 trag.
1191 1717 1293 1771 563)
1339 1714 1416 1758 vel
1461 1714 1513 1757 in
1558 1714 1810 1758 Hermiona

125 1773 322 1818 Pacuvii
358 1774 695 1830 Neoptolemus
734 1774 970 1830 Menelao,
1011 1774 1136 1829 quod
1173 1775 1332 1817 tamen
1366 1772 1520 1816 minus
1550 1772 1808 1830 probabile.

242 1861 533 1906 meministin
585 1864 718 1921 vulyo
770 1861 1087 1907 meministine
1135 1861 1262 1906 Flor.
1386 1862 1613 1918 spondere
1660 1863 1809 1908 Lach—

124 1935 324 1966 mannus
370 1921 658 1978 despondere
706 1921 855 1978 Flor„
904 1923 1024 1978 quod
1069 1923 1149 1978 qui
1189 1935 1367 1966 servare
1404 1922 1519 1966 volet
1559 1923 1629 1977 (ut
1666 1922 1813 1967 suasit

127 1982 264 2025 etiam
303 1981 527 2026 Dziatzko
565 1996 672 2025 ann.
707 1983 822 2038 phil.
857 1985 970 2024 1876
1004 1995 1052 2036 p.
1079 1982 1183 2034 238)
1221 1986 1305 2025 aut
1342 1981 1511 2025 lacwna
1541 1981 1812 2037 interposita

128 2039 418 2083 meministin
463 2042 511 2084 te
557 2040 845 2097 despondere
881 2076 888 2083 .
918 2075 926 2083 .
957 2038 1075 2082 mihi
1119 2054 1163 2095 g.
1211 2041 1244 2084 t.
1291 2040 1577 2084 scribendum
1621 2045 1705 2084 aut
1746 2041 1813 2085 sic

128 2097 443 2142 meministine
484 2099 610 2155 desp.
648 2102 695 2142 te
726 2099 843 2142 mihi
873 2114 916 2155 g.
950 2100 982 2142 t.
1016 2099 1406 2154 transponendum
1435 2104 1510 2142 est.
1618 2100 1814 2156 gnatam

131 2159 267 2215 vulyo
299 2159 525 2214 agnatam
557 2158 687 2203 onr.
721 2160 970 2214 cognatam
1001 2157 1161 2202 Haun.

926 2295 1036 2344 CIV

137 2379 309 2442 Quam
349 2380 470 2431 cara
507 2381 616 2433 sint
656 2398 790 2449 quae
827 2382 950 2449 post
988 2380 1213 2432 carendo
1252 2380 1594 2451 intellegunt,

134 2467 411 2536 Quamque
450 2467 714 2520 attinendi
751 2468 934 2538 magni
972 2467 1275 2520 dominatus
1314 2468 1464 2521 sient.
1820 2483 1906 2525 195

255 2574 413 2619 Cicero
453 2577 569 2618 orat.
602 2579 682 2632 47,
710 2580 792 2619 157
843 2574 1013 2631 ‘quid‘?
1058 2577 1185 2631 quod
1223 2575 1290 2619 sic
1328 2575 1480 2631 loqui:
1520 2590 1657 2621 nosse
1695 2577 1816 2621 iudi-

136 2648 281 2689 casse,
313 2636 500 2689 uetant3
532 2632 719 2678 nouisse
749 2634 916 2677 iubent
946 2636 994 2678 et
1021 2634 1334 2680 iudicauisse?
1361 2672 1369 2680 .
1391 2673 1398 2680 .
1420 2672 1428 2680 .
1453 2635 1615 2691 itaque
1638 2638 1816 2680 utrum-

138 2705 228 2748 que
267 2693 511 2737 Terentius
634 2692 788 2737 sient
825 2693 1015 2750 plenum
1054 2696 1145 2749 est,
1193 2693 1309 2738 sint
1339 2693 1659 2741 imminutum:
1705 2694 1835 2739 licet'

138 2753 272 2795 utare
304 2754 515 2808 utroque.
580 2765 688 2809 ergo
719 2751 897 2796 ibidem
928 2753 988 2811 [1.
1022 2753 1102 2810 2].’

256 2853 279 2890 1
326 2848 515 2892 carendi
560 2849 749 2894 Abrinc.
797 2848 999 2892 carenda
1044 2849 1172 2893 codd.
1221 2850 1447 2905 interpol„
1495 2849 1821 2895 Lachmannus

228 2920 349 2960 quae
379 2921 522 2962 quam
551 2906 646 2951 sint
677 2921 786 2951 cara
815 2909 1091 2952 conieceram

231 2988 362 3022 Scaen.
386 2999 488 3030 poes.
512 2990 619 3023 Rom.
645 2991 779 3031 fragm.
805 2990 862 3022 ed.
887 2990 1078 3023 Rmnnox.
1499 2987 1554 3025 20
