1980 3146
790 111 838 154 L.
872 109 1084 155 ACCIVS
1670 112 1776 173 259

863 251 1004 298 XXII

95 335 334 388 Peruade
372 335 578 404 polum,
617 334 892 403 splendida
930 335 1116 387 mundi

98 422 282 476 Sidera
320 423 461 475 binis
500 422 767 475 continuis
805 440 897 475 sex

94 511 238 564 Picti
273 511 472 580 spoliis,
1533 565 1541 571 ,
1779 528 1866 568 680

212 621 358 663 Varro
400 620 456 663 de
498 619 526 663 1.
567 619 596 663 1.
629 618 715 662 VII
741 624 795 662 14
821 619 884 663 M.
951 619 1095 674 ‘quod
1142 621 1213 662 est
1251 620 1376 676 apud
1415 619 1628 666 Accium.
1674 635 1776 678 per-

95 679 241 723 uade’
278 693 315 722 e.
349 693 392 734 q.
426 693 459 722 s.
526 677 714 734 polus
753 677 1005 733 Graecum,
1052 677 1103 720 id
1150 677 1384 735 significat
1424 678 1596 723 circum
1635 679 1774 736 caeli3

97 751 239 818 q‘uare
280 738 405 793 quod
445 740 517 781 est
558 737 807 793 peruade
845 714 1056 793 poluin,
1096 736 1245 782 ualet.
1289 738 1412 781 uade
1450 739 1554 794 περὶ
1595 737 1773 784 πόλον]

95 798 129 854 (‘
140 811 223 854 per
259 796 444 854 polum’
476 796 801 839 Lachmannus
834 795 966 840 Lucr
991 796 1066 852 43)
1131 795 1323 853 ‘Signa
1364 797 1582 840 dicuntur
1612 799 1777 842 eadem

95 858 143 900 et
175 856 389 900 sidera·
429 855 563 912 signa
602 855 728 910 quod
760 853 951 920 aliquid.
973 854 1256 912 significent,
1289 858 1343 899 ut
1374 855 1497 899 libra
1527 857 1774 912 aequinoc-

99 915 240 971 tium3
290 914 450 958 sidera
490 913 650 970 quasi’
700 917 859 970 (quae
908 913 955 957 si
993 913 1111 957 libri
1155 914 1366 971 plerique
1415 929 1554 970 quae
1593 917 1695 960 Par
1727 916 1776 973 b)

100 952 368 1018 ‘insi‹iunt.’
432 972 758 1017 Prometheum
796 973 912 1016 haec
953 986 1118 1016 canere
1154 973 1363 1030 potuisse
1403 974 1584 1030 monui,
1632 978 1679 1019 et
1718 976 1776 1019 de

92 1033 254 1077 eodem
285 1033 413 1076 valet
444 1046 641 1088 sequens
673 1032 726 1076 fr

213 1135 237 1172 2
270 1128 393 1172 binis
426 1129 599 1184 Popma
631 1127 756 1197 bigis
789 1145 824 1171 ω
857 1130 931 1184 (cf.
965 1130 1114 1173 coroll
1138 1127 1278 1185 LXII)
1401 1134 1426 1171 2
1443 1143 1504 1187 sq.
1542 1129 1775 1173 continuis

93 1202 171 1232 sex
210 1187 330 1232 Picti
377 1186 538 1244 spoliis
584 1189 747 1243 scripsi
792 1186 1003 1231 continui
1042 1201 1090 1231 88
1130 1187 1254 1244 cepit
1293 1187 1457 1244 spoliis
1498 1188 1626 1234 Flor.
1667 1203 1774 1233 con-

92 1247 237 1291 tinuis
285 1261 364 1291 sex
411 1246 512 1303 apti
558 1245 704 1302 signis
750 1246 952 1312 Scaliyer
997 1246 1230 1290 continuis
1278 1260 1359 1291 sex
1404 1246 1581 1291 Addita
1628 1247 1773 1305 signis

97 1307 144 1351 O.
179 1307 431 1351 Muellerus
470 1307 590 1349 cont.
632 1320 665 1349 8.
707 1304 859 1362 saepti
899 1320 965 1362 sp.
998 1307 1105 1351 olim
1136 1307 1375 1351 edideram.
1444 1306 1510 1361 Cf.
1554 1308 1774 1352 Varronis

88 1372 170 1410 sat.
202 1367 261 1421 fr.
297 1370 351 1408 92
379 1366 460 1420 B.;
501 1364 667 1409 Seneca
703 1365 815 1422 Thy.
848 1379 887 1409 v.
925 1369 1009 1408 836

849 1518 1018 1566 ΧΧΠΙ

91 1654 103 1664 .
166 1610 336 1662 multa
375 1610 595 1662 inuenta
633 1611 954 1678 expertaque
994 1628 1058 1662 ex
1096 1610 1198 1664 hoc
1237 1614 1361 1663 sunt
1399 1611 1553 1665 bona.

207 1717 472 1761 Priscianus
504 1732 547 1774 p.
577 1722 659 1761 793
683 1717 732 1761 P.
783 1718 1045 1775 ‘experta
1074 1718 1295 1775 passiue.’

210 1815 398 1859 Pracirc
441 1827 582 1868 quam
618 1815 687 1858 vel
723 1815 822 1858 tam
859 1816 927 1859 vel
965 1829 1075 1859 nam
1099 1821 1279 1871 poterat
1398 1815 1590 1859 inuenta
1620 1815 1772 1860 multa

91 1874 286 1917 Bothius

849 1939 1012 1987 XXIV

90 2030 332 2100 Repudio
373 2031 539 2083 eiecta
576 2030 643 2082 ab
682 2028 860 2101 'Argis
900 2031 1006 2083 iam
1047 2031 1245 2083 dudum
1284 2031 1483 2084 exsulo.

208 2139 371 2182 Festus
402 2154 446 2195 p.
474 2144 557 2182 281
583 2139 644 2182 Μ.
703 2138 1025 2195 ‘repudium
1061 2138 1249 2182 Verrius
1290 2138 1360 2182 ait
1399 2138 1597 2193 dictum,
1641 2139 1766 2194 quod

89 2198 142 2241 fit
174 2198 232 2241 ob
263 2211 360 2241 rem
390 2197 690 2254 pudendam)
754 2197 826 2240 Ad
858 2197 982 2241 Ionis
1014 2197 1224 2241 fabulam
1253 2196 1428 2241 rettuli.

859 2350 998 2399 XXV

88 2442 313 2495 Nullum
354 2443 434 2493 est
471 2441 745 2511 ingenium
784 2442 995 2494 tantum
1031 2460 1202 2511 neque
1242 2460 1333 2494 cor
1371 2443 1481 2494 tam
1521 2442 1707 2514 ferum,

92 2530 245 2593 Quod
283 2531 391 2581 non
429 2528 664 2581 labascat
701 2528 909 2599 h'ngua,
948 2530 1182 2582 mitiscat
1219 2530 1374 2582 malo,

207 2638 327 2682 Non.
359 2642 468 2692 473,
494 2642 519 2680 6
563 2636 854 2680 ‘labascor
884 2651 967 2693 pro
1000 2637 1165 2680 labor.’
1229 2637 1369 2681 Posse
1403 2638 1459 2681 de
1490 2639 1764 2685 Prometheo

88 2696 301 2753 intellegi
332 2696 505 2740 monui.
1798 2706 1803 2710 ·

210 2798 232 2835 1
266 2792 448 2835 nullum
478 2793 554 2836 Ba
565 2791 619 2834 H
625 2792 667 2834 L
697 2804 791 2834 non
821 2790 1002 2834 nullum
1034 2808 1069 2847 φ
1177 2794 1361 2835 tantum
1394 2793 1437 2835 L
1468 2807 1490 2836 e
1520 2807 1632 2838 corr.
1665 2796 1764 2838 tam

92 2853 245 2894 atrum
274 2865 307 2895 a:
337 2853 437 2894 tam
467 2850 616 2894 altum
641 2852 862 2907 proposui
973 2855 998 2893 2
1030 2849 1212 2908 lingua]
1242 2850 1383 2907 longo
1416 2865 1470 2895 ac
1506 2851 1676 2898 Ortions

89 2909 304 2953 labascat
335 2909 588 2954 Scriverius
616 2908 828 2953 labescat
858 2910 935 2953 Ba
967 2908 1236 2953 labascatur
1267 2927 1302 2966 φ

1410 2984 1496 3027 17*
