<?xml version="1.0" encoding="UTF-8"?>
<!DOCTYPE html PUBLIC "-//W3C//DTD XHTML 1.0 Transitional//EN"
    "http://www.w3.org/TR/xhtml1/DTD/xhtml1-transitional.dtd">
<html xmlns="http://www.w3.org/1999/xhtml" xml:lang="en" lang="en">
 <head>
  <title>
</title>
<meta http-equiv="Content-Type" content="text/html;charset=utf-8" />
  <meta name='ocr-system' content='tesseract 3.04.00' />
  <meta name='ocr-capabilities' content='ocr_page ocr_carea ocr_par ocr_line ocrx_word'/>
</head>
<body>
  <div class='ocr_page' id='page_1' title='image "./fragscaenicaeromr01ribbuoft/fragscaenicaeromr01ribbuoft_0283.png"; bbox 0 0 1980 3146; ppageno 0'>
   <div class='ocr_carea' id='block_1_1' title="bbox 420 88 1799 141">
    <p class='ocr_par' dir='ltr' id='par_1_1' title="bbox 420 88 1799 141">
     <span class='ocr_line' id='line_1_1' title="bbox 420 88 1799 141; baseline 0.007 -8"><span class='ocrx_word' id='word_1_1' title='bbox 420 89 487 134; x_wconf 84' lang='lat' dir='ltr'>IN</span> <span class='ocrx_word' id='word_1_2' title='bbox 489 88 822 134; x_wconf 79' lang='lat' dir='ltr'><strong>CERTORVM</strong></span> <span class='ocrx_word' id='word_1_3' title='bbox 851 89 1186 134; x_wconf 81' lang='lat' dir='ltr'><strong>POETARVM</strong></span> <span class='ocrx_word' id='word_1_4' title='bbox 1216 89 1496 134; x_wconf 86' lang='lat' dir='ltr'><strong>FABVLAE</strong></span> <span class='ocrx_word' id='word_1_5' title='bbox 1698 89 1799 141; x_wconf 80' lang='grc'>271</span> 
     </span>
    </p>
   </div>
   <div class='ocr_carea' id='block_1_2' title="bbox 124 217 1821 338">
    <p class='ocr_par' dir='ltr' id='par_1_2' title="bbox 124 217 1821 338">
     <span class='ocr_line' id='line_1_2' title="bbox 124 217 1821 281; baseline 0 -15"><span class='ocrx_word' id='word_1_6' title='bbox 124 221 366 281; x_wconf 66' lang='lat' dir='ltr'>stn&#39;go]res</span> <span class='ocrx_word' id='word_1_7' title='bbox 414 222 636 267; x_wconf 57' lang='lat' dir='ltr'>exerciti?</span> <span class='ocrx_word' id='word_1_8' title='bbox 702 222 946 279; x_wconf 78' lang='lat' dir='ltr'>Supplevit</span> <span class='ocrx_word' id='word_1_9' title='bbox 993 224 1040 266; x_wconf 77' lang='lat' dir='ltr'>et</span> <span class='ocrx_word' id='word_1_10' title='bbox 1086 221 1285 266; x_wconf 77' lang='lat' dir='ltr'>correxit</span> <span class='ocrx_word' id='word_1_11' title='bbox 1329 235 1385 267; x_wconf 85' lang='lat' dir='ltr'>ex</span> <span class='ocrx_word' id='word_1_12' title='bbox 1423 222 1570 266; x_wconf 89' lang='lat' dir='ltr'>Paulo</span> <span class='ocrx_word' id='word_1_13' title='bbox 1609 217 1821 266; x_wconf 63' lang='lat' dir='ltr'>Vrsinus&#39;</span> 
     </span>
     <span class='ocr_line' id='line_1_3' title="bbox 125 281 1338 338; baseline 0.001 -13"><span class='ocrx_word' id='word_1_14' title='bbox 125 281 181 325; x_wconf 88' lang='lat' dir='ltr'>cf.</span> <span class='ocrx_word' id='word_1_15' title='bbox 215 281 505 325; x_wconf 88' lang='lat' dir='ltr'>Hermannus</span> <span class='ocrx_word' id='word_1_16' title='bbox 536 282 680 338; x_wconf 88' lang='lat' dir='ltr'>praef.</span> <span class='ocrx_word' id='word_1_17' title='bbox 713 281 763 324; x_wconf 88' lang='lat' dir='ltr'>in</span> <span class='ocrx_word' id='word_1_18' title='bbox 793 281 951 325; x_wconf 77' lang='lat' dir='ltr'>Plauti</span> <span class='ocrx_word' id='word_1_19' title='bbox 981 281 1149 325; x_wconf 81' lang='lat' dir='ltr'>Bacch.</span> <span class='ocrx_word' id='word_1_20' title='bbox 1182 297 1225 338; x_wconf 88' lang='lat' dir='ltr'>p.</span> <span class='ocrx_word' id='word_1_21' title='bbox 1251 281 1338 326; x_wconf 86' lang='lat' dir='ltr'>VII</span> 
     </span>
    </p>
   </div>
   <div class='ocr_carea' id='block_1_3' title="bbox 243 369 1366 427">
    <p class='ocr_par' dir='ltr' id='par_1_3' title="bbox 243 369 1366 427">
     <span class='ocr_line' id='line_1_4' title="bbox 243 369 1366 427; baseline 0.003 -15"><span class='ocrx_word' id='word_1_22' title='bbox 243 369 472 427; x_wconf 77' lang='lat' dir='ltr'>strigones</span> <span class='ocrx_word' id='word_1_23' title='bbox 510 371 745 415; x_wconf 77' lang='lat' dir='ltr'>Twrnebus</span> <span class='ocrx_word' id='word_1_24' title='bbox 776 369 995 426; x_wconf 75' lang='lat' dir='ltr'>strigores</span> <span class='ocrx_word' id='word_1_25' title='bbox 1033 370 1080 414; x_wconf 88' lang='grc' dir='ltr'>Ο,</span> <span class='ocrx_word' id='word_1_26' title='bbox 1115 369 1366 415; x_wconf 78' lang='lat' dir='ltr'><em>Muellerus</em></span> 
     </span>
    </p>
   </div>
   <div class='ocr_carea' id='block_1_4' title="bbox 939 479 985 525">
    <p class='ocr_par' dir='ltr' id='par_1_4' title="bbox 939 479 985 525">
     <span class='ocr_line' id='line_1_5' title="bbox 939 479 985 525; baseline 0 -40"><span class='ocrx_word' id='word_1_27' title='bbox 939 479 985 525; x_wconf 69' lang='lat' dir='ltr'><strong>V</strong></span> 
     </span>
    </p>
   </div>
   <div class='ocr_carea' id='block_1_5' title="bbox 195 564 979 633">
    <p class='ocr_par' dir='ltr' id='par_1_5' title="bbox 195 564 979 633">
     <span class='ocr_line' id='line_1_6' title="bbox 195 564 979 633; baseline -0.003 -17"><span class='ocrx_word' id='word_1_28' title='bbox 195 565 419 633; x_wconf 83' lang='lat' dir='ltr'>†saucia</span> <span class='ocrx_word' id='word_1_29' title='bbox 455 582 587 632; x_wconf 86' lang='lat' dir='ltr'>puer</span> <span class='ocrx_word' id='word_1_30' title='bbox 623 564 735 616; x_wconf 84' lang='lat' dir='ltr'>filia</span> <span class='ocrx_word' id='word_1_31' title='bbox 773 582 979 615; x_wconf 85' lang='lat' dir='ltr'>sumam</span> 
     </span>
    </p>
   </div>
   <div class='ocr_carea' id='block_1_6' title="bbox 119 656 1803 1069">
    <p class='ocr_par' dir='ltr' id='par_1_6' title="bbox 119 656 1803 1069">
     <span class='ocr_line' id='line_1_7' title="bbox 241 656 1801 714; baseline -0.001 -13"><span class='ocrx_word' id='word_1_32' title='bbox 241 657 476 702; x_wconf 81' lang='lat' dir='ltr'>Charisius</span> <span class='ocrx_word' id='word_1_33' title='bbox 514 673 558 714; x_wconf 91' lang='lat' dir='ltr'>p.</span> <span class='ocrx_word' id='word_1_34' title='bbox 592 662 648 700; x_wconf 88' lang='grc'>64</span> <span class='ocrx_word' id='word_1_35' title='bbox 679 657 727 700; x_wconf 93' lang='grc' dir='ltr'>Ρ.</span> <span class='ocrx_word' id='word_1_36' title='bbox 800 657 962 713; x_wconf 79' lang='lat' dir='ltr'>‘puer</span> <span class='ocrx_word' id='word_1_37' title='bbox 1008 659 1055 700; x_wconf 72' lang='lat' dir='ltr'>et</span> <span class='ocrx_word' id='word_1_38' title='bbox 1100 656 1150 699; x_wconf 90' lang='lat' dir='ltr'>in</span> <span class='ocrx_word' id='word_1_39' title='bbox 1195 657 1421 700; x_wconf 73' lang='lat' dir='ltr'>feminine</span> <span class='ocrx_word' id='word_1_40' title='bbox 1468 671 1578 700; x_wconf 88' lang='lat' dir='ltr'>sexu</span> <span class='ocrx_word' id='word_1_41' title='bbox 1619 656 1801 713; x_wconf 75' lang='lat' dir='ltr'><strong>antiqui</strong></span> 
     </span>
     <span class='ocr_line' id='line_1_8' title="bbox 123 715 1803 782; baseline 0.001 -23"><span class='ocrx_word' id='word_1_42' title='bbox 123 717 377 761; x_wconf 74' lang='lat' dir='ltr'>dicebant.</span> <span class='ocrx_word' id='word_1_43' title='bbox 429 718 516 760; x_wconf 61' lang='grc' dir='ltr'>,ιη</span> <span class='ocrx_word' id='word_1_44' title='bbox 561 715 611 759; x_wconf 87' lang='grc'>111</span> <span class='ocrx_word' id='word_1_45' title='bbox 660 715 858 772; x_wconf 80' lang='lat' dir='ltr'>Odyssia</span> <span class='ocrx_word' id='word_1_46' title='bbox 903 717 1083 771; x_wconf 73' lang='lat' dir='ltr'>uetere,</span> <span class='ocrx_word' id='word_1_47' title='bbox 1138 716 1263 772; x_wconf 80' lang='lat' dir='ltr'>quod</span> <span class='ocrx_word' id='word_1_48' title='bbox 1309 719 1380 759; x_wconf 75' lang='lat' dir='ltr'>est</span> <span class='ocrx_word' id='word_1_49' title='bbox 1427 715 1803 782; x_wconf 76' lang='lat' dir='ltr'>antiquissimum</span> 
     </span>
     <span class='ocr_line' id='line_1_9' title="bbox 123 774 1802 841; baseline -0.001 -21"><span class='ocrx_word' id='word_1_50' title='bbox 123 790 329 821; x_wconf 88' lang='lat' dir='ltr'>carmen:</span> <span class='ocrx_word' id='word_1_51' title='bbox 360 789 468 819; x_wconf 93' lang='lat' dir='ltr'>mea</span> <span class='ocrx_word' id='word_1_52' title='bbox 497 789 624 832; x_wconf 86' lang='lat' dir='ltr'>puer,</span> <span class='ocrx_word' id='word_1_53' title='bbox 656 774 769 841; x_wconf 80' lang='lat' dir='ltr'>quid</span> <span class='ocrx_word' id='word_1_54' title='bbox 800 774 933 818; x_wconf 89' lang='lat' dir='ltr'>uerbi</span> <span class='ocrx_word' id='word_1_55' title='bbox 966 788 1021 818; x_wconf 85' lang='lat' dir='ltr'>ex</span> <span class='ocrx_word' id='word_1_56' title='bbox 1052 776 1134 818; x_wconf 72' lang='lat' dir='ltr'>tuo</span> <span class='ocrx_word' id='word_1_57' title='bbox 1167 788 1243 818; x_wconf 87' lang='lat' dir='ltr'>ore</span> <span class='ocrx_word' id='word_1_58' title='bbox 1278 774 1447 820; x_wconf 82' lang='lat' dir='ltr'>audio?</span> <span class='ocrx_word' id='word_1_59' title='bbox 1481 778 1528 819; x_wconf 78' lang='lat' dir='ltr'>et</span> <span class='ocrx_word' id='word_1_60' title='bbox 1557 774 1607 818; x_wconf 90' lang='lat' dir='ltr'>in</span> <span class='ocrx_word' id='word_1_61' title='bbox 1637 775 1802 819; x_wconf 89' lang='lat' dir='ltr'>Nelei</span> 
     </span>
     <span class='ocr_line' id='line_1_10' title="bbox 122 833 1800 890; baseline -0.001 -12"><span class='ocrx_word' id='word_1_62' title='bbox 122 834 367 879; x_wconf 87' lang='lat' dir='ltr'>carmine</span> <span class='ocrx_word' id='word_1_63' title='bbox 415 848 590 890; x_wconf 91' lang='lat' dir='ltr'>eaque</span> <span class='ocrx_word' id='word_1_64' title='bbox 629 833 819 890; x_wconf 90' lang='lat' dir='ltr'>prisco</span> <span class='ocrx_word' id='word_1_65' title='bbox 859 833 1055 877; x_wconf 88' lang='lat' dir='ltr'>saucia</span> <span class='ocrx_word' id='word_1_66' title='bbox 1093 847 1230 890; x_wconf 91' lang='lat' dir='ltr'>puer</span> <span class='ocrx_word' id='word_1_67' title='bbox 1268 834 1401 877; x_wconf 87' lang='lat' dir='ltr'>filia</span> <span class='ocrx_word' id='word_1_68' title='bbox 1441 849 1670 890; x_wconf 83' lang='lat' dir='ltr'>sumam,</span> <span class='ocrx_word' id='word_1_69' title='bbox 1718 834 1800 879; x_wconf 90' lang='lat' dir='ltr'>ubi</span> 
     </span>
     <span class='ocr_line' id='line_1_11' title="bbox 120 892 1799 951; baseline 0 -13"><span class='ocrx_word' id='word_1_70' title='bbox 120 897 279 938; x_wconf 76' lang='lat' dir='ltr'>tamen</span> <span class='ocrx_word' id='word_1_71' title='bbox 317 894 464 938; x_wconf 90' lang='lat' dir='ltr'>Varro</span> <span class='ocrx_word' id='word_1_72' title='bbox 505 908 609 937; x_wconf 90' lang='lat' dir='ltr'>cum</span> <span class='ocrx_word' id='word_1_73' title='bbox 647 893 688 936; x_wconf 91' lang='lat' dir='ltr'>A</span> <span class='ocrx_word' id='word_1_74' title='bbox 725 904 900 949; x_wconf 78' lang='lat' dir='ltr'>puera</span> <span class='ocrx_word' id='word_1_75' title='bbox 938 895 1077 949; x_wconf 74' lang='lat' dir='ltr'>putat</span> <span class='ocrx_word' id='word_1_76' title='bbox 1114 892 1312 950; x_wconf 76' lang='lat' dir='ltr'>dictum,</span> <span class='ocrx_word' id='word_1_77' title='bbox 1354 893 1434 937; x_wconf 86' lang='lat' dir='ltr'>sed</span> <span class='ocrx_word' id='word_1_78' title='bbox 1473 893 1634 937; x_wconf 87' lang='lat' dir='ltr'>Aelius</span> <span class='ocrx_word' id='word_1_79' title='bbox 1667 893 1799 951; x_wconf 63' lang='lat' dir='ltr'>Sssilo,</span> 
     </span>
     <span class='ocr_line' id='line_1_12' title="bbox 119 951 1800 1018; baseline -0.001 -21"><span class='ocrx_word' id='word_1_80' title='bbox 119 953 346 1011; x_wconf 76' lang='lat' dir='ltr'>magister</span> <span class='ocrx_word' id='word_1_81' title='bbox 376 952 496 1007; x_wconf 86' lang='lat' dir='ltr'>eius</span> <span class='ocrx_word' id='word_1_82' title='bbox 537 955 584 996; x_wconf 75' lang='lat' dir='ltr'>et</span> <span class='ocrx_word' id='word_1_83' title='bbox 614 951 802 995; x_wconf 83' lang='lat' dir='ltr'>Asinius</span> <span class='ocrx_word' id='word_1_84' title='bbox 835 953 1029 1018; x_wconf 57' lang='lat' dir='ltr'>contra?</span> <span class='ocrx_word' id='word_1_85' title='bbox 1096 955 1290 1009; x_wconf 87' lang='lat' dir='ltr'>(eoque</span> <span class='ocrx_word' id='word_1_86' title='bbox 1328 952 1516 1009; x_wconf 87' lang='lat' dir='ltr'>prisco</span> <span class='ocrx_word' id='word_1_87' title='bbox 1552 952 1800 996; x_wconf 76' lang='lat' dir='ltr'>Putschius</span> 
     </span>
     <span class='ocr_line' id='line_1_13' title="bbox 122 1010 1798 1069; baseline -0.001 -14"><span class='ocrx_word' id='word_1_88' title='bbox 122 1026 182 1056; x_wconf 94' lang='lat' dir='ltr'>eo</span> <span class='ocrx_word' id='word_1_89' title='bbox 207 1026 428 1068; x_wconf 91' lang='lat' dir='ltr'>quoque</span> <span class='ocrx_word' id='word_1_90' title='bbox 451 1011 640 1068; x_wconf 86' lang='lat' dir='ltr'>prisco</span> <span class='ocrx_word' id='word_1_91' title='bbox 667 1025 752 1068; x_wconf 86' lang='lat' dir='ltr'>ego</span> <span class='ocrx_word' id='word_1_92' title='bbox 779 1010 1079 1055; x_wconf 90' lang='lat' dir='ltr'>conieceram.</span> <span class='ocrx_word' id='word_1_93' title='bbox 1129 1025 1303 1067; x_wconf 88' lang='lat' dir='ltr'>aeque</span> <span class='ocrx_word' id='word_1_94' title='bbox 1326 1026 1515 1069; x_wconf 80' lang='lat' dir='ltr'>puseo</span> <span class='ocrx_word' id='word_1_95' title='bbox 1540 1011 1594 1055; x_wconf 91' lang='lat' dir='ltr'>H.</span> <span class='ocrx_word' id='word_1_96' title='bbox 1620 1011 1798 1055; x_wconf 90' lang='lat' dir='ltr'>Keilius</span> 
     </span>
    </p>
   </div>
   <div class='ocr_carea' id='block_1_7' title="bbox 119 1071 489 1127">
    <p class='ocr_par' dir='ltr' id='par_1_7' title="bbox 119 1071 489 1127">
     <span class='ocr_line' id='line_1_14' title="bbox 119 1071 489 1127; baseline 0 -13"><span class='ocrx_word' id='word_1_97' title='bbox 119 1074 258 1127; x_wconf 77' lang='lat' dir='ltr'>recte,</span> <span class='ocrx_word' id='word_1_98' title='bbox 290 1074 344 1115; x_wconf 76' lang='lat' dir='ltr'>ut</span> <span class='ocrx_word' id='word_1_99' title='bbox 374 1071 489 1127; x_wconf 85' lang='lat' dir='ltr'>uid.)</span> 
     </span>
    </p>
   </div>
   <div class='ocr_carea' id='block_1_8' title="bbox 116 1151 1800 1506">
    <p class='ocr_par' dir='ltr' id='par_1_8' title="bbox 116 1151 1800 1506">
     <span class='ocr_line' id='line_1_15' title="bbox 235 1151 1799 1209; baseline 0 -14"><span class='ocrx_word' id='word_1_100' title='bbox 235 1166 353 1209; x_wconf 82' lang='lat' dir='ltr'>puer</span> <span class='ocrx_word' id='word_1_101' title='bbox 380 1155 490 1208; x_wconf 74' lang='lat' dir='ltr'>cod,</span> <span class='ocrx_word' id='word_1_102' title='bbox 523 1153 682 1197; x_wconf 72' lang='lat' dir='ltr'>Aelius</span> <span class='ocrx_word' id='word_1_103' title='bbox 713 1152 828 1196; x_wconf 77' lang='lat' dir='ltr'><em>Stilo</em></span> <span class='ocrx_word' id='word_1_104' title='bbox 860 1158 900 1197; x_wconf 85' lang='lat' dir='ltr'>et</span> <span class='ocrx_word' id='word_1_105' title='bbox 922 1153 1117 1196; x_wconf 75' lang='lat' dir='ltr'>Asinius</span> <span class='ocrx_word' id='word_1_106' title='bbox 1147 1165 1292 1208; x_wconf 92' lang='lat' dir='ltr'>puera</span> <span class='ocrx_word' id='word_1_107' title='bbox 1324 1153 1469 1196; x_wconf 78' lang='lat' dir='ltr'>Varro</span> <span class='ocrx_word' id='word_1_108' title='bbox 1560 1151 1799 1196; x_wconf 84' lang='lat' dir='ltr'>Summani</span> 
     </span>
     <span class='ocr_line' id='line_1_16' title="bbox 120 1210 1800 1267; baseline -0.001 -12"><span class='ocrx_word' id='word_1_109' title='bbox 120 1212 418 1257; x_wconf 73' lang='lat' dir='ltr'>Hermannus</span> <span class='ocrx_word' id='word_1_110' title='bbox 450 1211 684 1256; x_wconf 82' lang='lat' dir='ltr'>Salmonei</span> <span class='ocrx_word' id='word_1_111' title='bbox 721 1211 770 1256; x_wconf 85' lang='grc' dir='ltr'>Ο.</span> <span class='ocrx_word' id='word_1_112' title='bbox 800 1212 1053 1256; x_wconf 77' lang='lat' dir='ltr'>Muellerus</span> <span class='ocrx_word' id='word_1_113' title='bbox 1144 1213 1308 1254; x_wconf 73' lang='lat' dir='ltr'>sancta</span> <span class='ocrx_word' id='word_1_114' title='bbox 1337 1224 1452 1267; x_wconf 90' lang='lat' dir='ltr'>puer</span> <span class='ocrx_word' id='word_1_115' title='bbox 1483 1210 1671 1255; x_wconf 72' lang='lat' dir='ltr'>Saturni</span> <span class='ocrx_word' id='word_1_116' title='bbox 1701 1210 1800 1254; x_wconf 81' lang='lat' dir='ltr'>filia</span> 
     </span>
     <span class='ocr_line' id='line_1_17' title="bbox 118 1270 1799 1328; baseline -0.001 -14"><span class='ocrx_word' id='word_1_117' title='bbox 118 1270 280 1328; x_wconf 64' lang='lat' dir='ltr'>regina</span> <span class='ocrx_word' id='word_1_118' title='bbox 331 1271 461 1315; x_wconf 77' lang='lat' dir='ltr'>Livii</span> <span class='ocrx_word' id='word_1_119' title='bbox 506 1272 765 1315; x_wconf 71' lang='lat' dir='ltr'>Andronici</span> <span class='ocrx_word' id='word_1_120' title='bbox 810 1271 1080 1315; x_wconf 54' lang='lat' dir='ltr'>Saturnium</span> <span class='ocrx_word' id='word_1_121' title='bbox 1134 1285 1368 1328; x_wconf 74' lang='lat' dir='ltr'>aynoscere</span> <span class='ocrx_word' id='word_1_122' title='bbox 1421 1272 1510 1314; x_wconf 76' lang='lat' dir='ltr'>sibi</span> <span class='ocrx_word' id='word_1_123' title='bbox 1562 1272 1684 1314; x_wconf 81' lang='lat' dir='ltr'>visus</span> <span class='ocrx_word' id='word_1_124' title='bbox 1735 1276 1799 1314; x_wconf 83' lang='lat' dir='ltr'>est</span> 
     </span>
     <span class='ocr_line' id='line_1_18' title="bbox 118 1331 1800 1388; baseline 0 -14"><span class='ocrx_word' id='word_1_125' title='bbox 118 1331 417 1375; x_wconf 75' lang='lat' dir='ltr'>Duentzerus.</span> <span class='ocrx_word' id='word_1_126' title='bbox 481 1331 577 1375; x_wconf 86' lang='lat' dir='ltr'>Nee</span> <span class='ocrx_word' id='word_1_127' title='bbox 606 1343 813 1374; x_wconf 78' lang='lat' dir='ltr'>numeros</span> <span class='ocrx_word' id='word_1_128' title='bbox 844 1344 923 1374; x_wconf 90' lang='lat' dir='ltr'>nee</span> <span class='ocrx_word' id='word_1_129' title='bbox 952 1331 1087 1375; x_wconf 82' lang='lat' dir='ltr'>verba</span> <span class='ocrx_word' id='word_1_130' title='bbox 1118 1335 1298 1388; x_wconf 74' lang='lat' dir='ltr'>tanqere</span> <span class='ocrx_word' id='word_1_131' title='bbox 1329 1331 1486 1385; x_wconf 55' lang='lat' dir='ltr'>audem</span> <span class='ocrx_word' id='word_1_132' title='bbox 1518 1331 1595 1374; x_wconf 84' lang='lat' dir='ltr'>sed</span> <span class='ocrx_word' id='word_1_133' title='bbox 1620 1331 1800 1374; x_wconf 71' lang='lat' dir='ltr'>videtur</span> 
     </span>
     <span class='ocr_line' id='line_1_19' title="bbox 119 1388 1799 1446; baseline 0 -14"><span class='ocrx_word' id='word_1_134' title='bbox 119 1391 281 1433; x_wconf 76' lang='lat' dir='ltr'>sancta</span> <span class='ocrx_word' id='word_1_135' title='bbox 318 1404 362 1446; x_wconf 91' lang='lat' dir='ltr'>p.</span> <span class='ocrx_word' id='word_1_136' title='bbox 403 1389 432 1433; x_wconf 89' lang='lat' dir='ltr'><strong>f.</strong></span> <span class='ocrx_word' id='word_1_137' title='bbox 476 1388 664 1433; x_wconf 73' lang='lat' dir='ltr'>Saturni</span> <span class='ocrx_word' id='word_1_138' title='bbox 702 1403 855 1434; x_wconf 79' lang='lat' dir='ltr'>verum</span> <span class='ocrx_word' id='word_1_139' title='bbox 892 1403 1001 1445; x_wconf 79' lang='lat' dir='ltr'>esse,</span> <span class='ocrx_word' id='word_1_140' title='bbox 1042 1390 1161 1446; x_wconf 78' lang='lat' dir='ltr'>quod</span> <span class='ocrx_word' id='word_1_141' title='bbox 1190 1390 1354 1434; x_wconf 77' lang='lat' dir='ltr'>iambis</span> <span class='ocrx_word' id='word_1_142' title='bbox 1383 1390 1448 1433; x_wconf 82' lang='lat' dir='ltr'>sie</span> <span class='ocrx_word' id='word_1_143' title='bbox 1478 1390 1590 1443; x_wconf 80' lang='lat' dir='ltr'>fere:</span> <span class='ocrx_word' id='word_1_144' title='bbox 1635 1390 1799 1432; x_wconf 82' lang='lat' dir='ltr'>sancta</span> 
     </span>
     <span class='ocr_line' id='line_1_20' title="bbox 116 1447 1011 1506; baseline 0.002 -16"><span class='ocrx_word' id='word_1_145' title='bbox 116 1447 233 1504; x_wconf 80' lang='lat' dir='ltr'>filia,</span> <span class='ocrx_word' id='word_1_146' title='bbox 263 1450 268 1506; x_wconf 91' lang='grc' dir='ltr'>Ι</span> <span class='ocrx_word' id='word_1_147' title='bbox 296 1448 415 1492; x_wconf 79' lang='lat' dir='ltr'>Puer</span> <span class='ocrx_word' id='word_1_148' title='bbox 447 1447 634 1492; x_wconf 77' lang='lat' dir='ltr'>Saturni</span> <span class='ocrx_word' id='word_1_149' title='bbox 666 1449 1011 1504; x_wconf 74' lang='lat' dir='ltr'>comprehendas</span> 
     </span>
    </p>
   </div>
   <div class='ocr_carea' id='block_1_9' title="bbox 115 1572 1795 1887">
    <p class='ocr_par' dir='ltr' id='par_1_9' title="bbox 115 1572 1795 1887">
     <span class='ocr_line' id='line_1_21' title="bbox 721 1572 1190 1620; baseline 0 0"><span class='ocrx_word' id='word_1_150' title='bbox 721 1572 1190 1620; x_wconf 81' lang='lat' dir='ltr'><strong>PENTHESILEA</strong></span> 
     </span>
     <span class='ocr_line' id='line_1_22' title="bbox 920 1669 991 1716; baseline 0.028 -2"><span class='ocrx_word' id='word_1_151' title='bbox 920 1669 991 1716; x_wconf 90' lang='lat' dir='ltr'>VI</span> 
     </span>
     <span class='ocr_line' id='line_1_23' title="bbox 115 1736 783 1790; baseline 0.001 -2"><span class='ocrx_word' id='word_1_152' title='bbox 115 1736 499 1790; x_wconf 76' lang='lat' dir='ltr'>Formidabant</span> <span class='ocrx_word' id='word_1_153' title='bbox 537 1737 783 1790; x_wconf 78' lang='lat' dir='ltr'>obiurare</span> 
     </span>
     <span class='ocr_line' id='line_1_24' title="bbox 232 1829 1795 1887; baseline -0.001 -14"><span class='ocrx_word' id='word_1_154' title='bbox 232 1829 396 1873; x_wconf 75' lang='lat' dir='ltr'>Festus</span> <span class='ocrx_word' id='word_1_155' title='bbox 426 1846 471 1887; x_wconf 92' lang='lat' dir='ltr'>p.</span> <span class='ocrx_word' id='word_1_156' title='bbox 499 1836 582 1875; x_wconf 83' lang='lat'>189</span> <span class='ocrx_word' id='word_1_157' title='bbox 606 1830 667 1875; x_wconf 92' lang='grc' dir='ltr'>Μ.</span> <span class='ocrx_word' id='word_1_158' title='bbox 734 1830 1024 1875; x_wconf 80' lang='lat' dir='ltr'>‘obiurare</span> <span class='ocrx_word' id='word_1_159' title='bbox 1050 1858 1105 1864; x_wconf 90' lang='lat'>—</span> <span class='ocrx_word' id='word_1_160' title='bbox 1130 1859 1188 1863; x_wconf 97' lang='lat'><strong>—</strong></span> <span class='ocrx_word' id='word_1_161' title='bbox 1212 1859 1268 1864; x_wconf 97' lang='lat'>—</span> <span class='ocrx_word' id='word_1_162' title='bbox 1293 1834 1346 1875; x_wconf 74' lang='lat' dir='ltr'>ut</span> <span class='ocrx_word' id='word_1_163' title='bbox 1378 1833 1449 1874; x_wconf 71' lang='lat' dir='ltr'>est</span> <span class='ocrx_word' id='word_1_164' title='bbox 1480 1830 1528 1873; x_wconf 91' lang='lat' dir='ltr'>in</span> <span class='ocrx_word' id='word_1_165' title='bbox 1555 1865 1592 1874; x_wconf 91' lang='lat'>..</span> <span class='ocrx_word' id='word_1_166' title='bbox 1614 1867 1621 1874; x_wconf 93' lang='lat'><strong>.</strong></span> <span class='ocrx_word' id='word_1_167' title='bbox 1644 1867 1651 1873; x_wconf 96' lang='lat'><strong>.</strong></span> <span class='ocrx_word' id='word_1_168' title='bbox 1678 1831 1795 1873; x_wconf 74' lang='lat' dir='ltr'>Pen-</span> 
     </span>
    </p>
   </div>
   <div class='ocr_carea' id='block_1_10' title="bbox 115 1888 492 1934">
    <p class='ocr_par' dir='ltr' id='par_1_10' title="bbox 115 1888 492 1934">
     <span class='ocr_line' id='line_1_25' title="bbox 115 1888 492 1934; baseline 0.003 -2"><span class='ocrx_word' id='word_1_169' title='bbox 115 1888 335 1934; x_wconf 72' lang='lat' dir='ltr'>thesilea:</span> <span class='ocrx_word' id='word_1_170' title='bbox 367 1889 397 1933; x_wconf 89' lang='lat' dir='ltr'><strong>f.</strong></span> <span class='ocrx_word' id='word_1_171' title='bbox 433 1891 492 1933; x_wconf 87' lang='lat' dir='ltr'>o.’</span> 
     </span>
    </p>
   </div>
   <div class='ocr_carea' id='block_1_11' title="bbox 661 1970 1252 2028">
    <p class='ocr_par' dir='ltr' id='par_1_11' title="bbox 661 1970 1252 2028">
     <span class='ocr_line' id='line_1_26' title="bbox 661 1970 1252 2028; baseline 0.003 -11"><span class='ocrx_word' id='word_1_172' title='bbox 661 1970 876 2028; x_wconf 80' lang='lat' dir='ltr'><strong>EQVVS</strong></span> <span class='ocrx_word' id='word_1_173' title='bbox 917 1970 1252 2019; x_wconf 77' lang='lat' dir='ltr'><strong>TROIANVS</strong></span> 
     </span>
    </p>
   </div>
   <div class='ocr_carea' id='block_1_12' title="bbox 233 2058 1048 2279">
    <p class='ocr_par' dir='ltr' id='par_1_12' title="bbox 233 2058 1048 2279">
     <span class='ocr_line' id='line_1_27' title="bbox 233 2058 683 2116; baseline 0.002 -15"><span class='ocrx_word' id='word_1_174' title='bbox 233 2058 298 2102; x_wconf 81' lang='lat' dir='ltr'><strong>Cf.</strong></span> <span class='ocrx_word' id='word_1_175' title='bbox 331 2058 438 2102; x_wconf 75' lang='lat' dir='ltr'>hist.</span> <span class='ocrx_word' id='word_1_176' title='bbox 471 2060 592 2116; x_wconf 73' lang='lat' dir='ltr'>trag.</span> <span class='ocrx_word' id='word_1_177' title='bbox 626 2064 683 2102; x_wconf 88' lang='grc'>49</span> 
     </span>
     <span class='ocr_line' id='line_1_28' title="bbox 907 2126 1005 2173; baseline 0.02 -2"><span class='ocrx_word' id='word_1_178' title='bbox 907 2126 1005 2173; x_wconf 87' lang='lat' dir='ltr'>VH</span> 
     </span>
     <span class='ocr_line' id='line_1_29' title="bbox 380 2209 1048 2279; baseline 0.001 -19"><span class='ocrx_word' id='word_1_179' title='bbox 380 2226 499 2260; x_wconf 87' lang='lat' dir='ltr'>sero</span> <span class='ocrx_word' id='word_1_180' title='bbox 540 2209 754 2278; x_wconf 73' lang='lat' dir='ltr'>sapiunt</span> <span class='ocrx_word' id='word_1_181' title='bbox 790 2209 1048 2279; x_wconf 81' lang='lat' dir='ltr'>Phryges,</span> 
     </span>
    </p>
   </div>
   <div class='ocr_carea' id='block_1_13' title="bbox 114 2301 1794 2593">
    <p class='ocr_par' dir='ltr' id='par_1_13' title="bbox 114 2301 1794 2593">
     <span class='ocr_line' id='line_1_30' title="bbox 234 2301 1794 2359; baseline 0.001 -16"><span class='ocrx_word' id='word_1_182' title='bbox 234 2301 397 2344; x_wconf 73' lang='lat' dir='ltr'>Festus</span> <span class='ocrx_word' id='word_1_183' title='bbox 429 2316 473 2357; x_wconf 89' lang='lat' dir='ltr'><strong>p.</strong></span> <span class='ocrx_word' id='word_1_184' title='bbox 508 2306 593 2345; x_wconf 85' lang='lat'>343</span> <span class='ocrx_word' id='word_1_185' title='bbox 618 2302 678 2346; x_wconf 91' lang='lat' dir='ltr'><strong>M.</strong></span> <span class='ocrx_word' id='word_1_186' title='bbox 745 2303 892 2346; x_wconf 77' lang='lat' dir='ltr'>‘sero</span> <span class='ocrx_word' id='word_1_187' title='bbox 935 2303 1167 2359; x_wconf 75' lang='lat' dir='ltr'>sapiunt</span> <span class='ocrx_word' id='word_1_188' title='bbox 1206 2302 1456 2359; x_wconf 79' lang='lat' dir='ltr'>Phryges</span> <span class='ocrx_word' id='word_1_189' title='bbox 1495 2301 1794 2358; x_wconf 88' lang='lat' dir='ltr'>prouerbium</span> 
     </span>
     <span class='ocr_line' id='line_1_31' title="bbox 116 2359 1791 2418; baseline 0.002 -16"><span class='ocrx_word' id='word_1_190' title='bbox 116 2362 187 2403; x_wconf 74' lang='lat' dir='ltr'>est</span> <span class='ocrx_word' id='word_1_191' title='bbox 216 2361 380 2402; x_wconf 74' lang='lat' dir='ltr'>natum</span> <span class='ocrx_word' id='word_1_192' title='bbox 404 2373 432 2402; x_wconf 91' lang='lat' dir='ltr'>a</span> <span class='ocrx_word' id='word_1_193' title='bbox 456 2359 682 2417; x_wconf 86' lang='lat' dir='ltr'>Troianis,</span> <span class='ocrx_word' id='word_1_194' title='bbox 714 2361 794 2416; x_wconf 91' lang='lat' dir='ltr'>qui</span> <span class='ocrx_word' id='word_1_195' title='bbox 819 2361 999 2405; x_wconf 87' lang='lat' dir='ltr'>decimo</span> <span class='ocrx_word' id='word_1_196' title='bbox 1025 2361 1225 2417; x_wconf 84' lang='lat' dir='ltr'>denique</span> <span class='ocrx_word' id='word_1_197' title='bbox 1251 2375 1371 2405; x_wconf 88' lang='lat' dir='ltr'>anno</span> <span class='ocrx_word' id='word_1_198' title='bbox 1396 2360 1519 2405; x_wconf 91' lang='lat' dir='ltr'>uelle</span> <span class='ocrx_word' id='word_1_199' title='bbox 1543 2364 1791 2418; x_wconf 83' lang='lat' dir='ltr'>coeperant</span> 
     </span>
     <span class='ocr_line' id='line_1_32' title="bbox 114 2418 1790 2477; baseline 0.001 -15"><span class='ocrx_word' id='word_1_200' title='bbox 114 2418 341 2462; x_wconf 90' lang='lat' dir='ltr'>Helenam</span> <span class='ocrx_word' id='word_1_201' title='bbox 372 2432 583 2474; x_wconf 88' lang='lat' dir='ltr'>quaeque</span> <span class='ocrx_word' id='word_1_202' title='bbox 615 2434 720 2463; x_wconf 92' lang='lat' dir='ltr'>cum</span> <span class='ocrx_word' id='word_1_203' title='bbox 748 2433 804 2464; x_wconf 91' lang='lat' dir='ltr'>ea</span> <span class='ocrx_word' id='word_1_204' title='bbox 827 2423 962 2464; x_wconf 74' lang='lat' dir='ltr'>erant</span> <span class='ocrx_word' id='word_1_205' title='bbox 985 2423 1122 2477; x_wconf 75' lang='lat' dir='ltr'>rapta</span> <span class='ocrx_word' id='word_1_206' title='bbox 1144 2420 1336 2464; x_wconf 86' lang='lat' dir='ltr'>reddere</span> <span class='ocrx_word' id='word_1_207' title='bbox 1359 2419 1564 2464; x_wconf 90' lang='lat' dir='ltr'>Achiuis.</span> <span class='ocrx_word' id='word_1_208' title='bbox 1572 2420 1584 2441; x_wconf 94' lang='lat'>’</span> <span class='ocrx_word' id='word_1_209' title='bbox 1634 2419 1790 2465; x_wconf 88' lang='lat' dir='ltr'>Cicero</span> 
     </span>
     <span class='ocr_line' id='line_1_33' title="bbox 114 2476 1788 2546; baseline 0.001 -24"><span class='ocrx_word' id='word_1_210' title='bbox 114 2477 176 2522; x_wconf 85' lang='lat' dir='ltr'>ad.</span> <span class='ocrx_word' id='word_1_211' title='bbox 214 2476 321 2521; x_wconf 86' lang='lat' dir='ltr'>fam.</span> <span class='ocrx_word' id='word_1_212' title='bbox 348 2477 434 2521; x_wconf 93' lang='lat' dir='ltr'>VII</span> <span class='ocrx_word' id='word_1_213' title='bbox 468 2482 521 2521; x_wconf 89' lang='grc'>16</span> <span class='ocrx_word' id='word_1_214' title='bbox 566 2478 639 2522; x_wconf 82' lang='lat' dir='ltr'>‘in</span> <span class='ocrx_word' id='word_1_215' title='bbox 677 2478 831 2534; x_wconf 86' lang='lat' dir='ltr'>Equo</span> <span class='ocrx_word' id='word_1_216' title='bbox 871 2479 1115 2523; x_wconf 87' lang='lat' dir='ltr'>Troiano</span> <span class='ocrx_word' id='word_1_217' title='bbox 1156 2478 1244 2522; x_wconf 89' lang='lat' dir='ltr'>scis</span> <span class='ocrx_word' id='word_1_218' title='bbox 1283 2492 1384 2523; x_wconf 89' lang='lat' dir='ltr'>esse</span> <span class='ocrx_word' id='word_1_219' title='bbox 1422 2479 1479 2546; x_wconf 83' lang='lat' dir='ltr'>in</span> <span class='ocrx_word' id='word_1_220' title='bbox 1518 2481 1788 2524; x_wconf 73' lang='lat' dir='ltr'>extremo:</span> 
     </span>
     <span class='ocr_line' id='line_1_34' title="bbox 117 2536 538 2593; baseline 0 -13"><span class='ocrx_word' id='word_1_221' title='bbox 117 2550 240 2580; x_wconf 86' lang='lat' dir='ltr'>sero</span> <span class='ocrx_word' id='word_1_222' title='bbox 274 2536 538 2593; x_wconf 51' lang='lat' dir='ltr'>sapiunts</span> 
     </span>
    </p>
   </div>
   <div class='ocr_carea' id='block_1_14' title="bbox 233 2617 1490 2676">
    <p class='ocr_par' dir='ltr' id='par_1_14' title="bbox 233 2617 1490 2676">
     <span class='ocr_line' id='line_1_35' title="bbox 233 2617 1490 2676; baseline 0.002 -16"><span class='ocrx_word' id='word_1_223' title='bbox 233 2619 332 2661; x_wconf 78' lang='lat' dir='ltr'>sero</span> <span class='ocrx_word' id='word_1_224' title='bbox 366 2617 554 2673; x_wconf 72' lang='lat' dir='ltr'>sapiunt</span> <span class='ocrx_word' id='word_1_225' title='bbox 583 2619 706 2662; x_wconf 79' lang='lat' dir='ltr'>minc</span> <span class='ocrx_word' id='word_1_226' title='bbox 736 2619 943 2676; x_wconf 86' lang='lat' dir='ltr'>Phryges</span> <span class='ocrx_word' id='word_1_227' title='bbox 970 2625 1150 2676; x_wconf 76' lang='lat' dir='ltr'>poetam</span> <span class='ocrx_word' id='word_1_228' title='bbox 1182 2619 1351 2663; x_wconf 83' lang='lat' dir='ltr'>dedisse</span> <span class='ocrx_word' id='word_1_229' title='bbox 1375 2624 1490 2675; x_wconf 72' lang='lat' dir='ltr'>puto</span> 
     </span>
    </p>
   </div>
   <div class='ocr_carea' id='block_1_15' title="bbox 116 2727 1010 2848">
    <p class='ocr_par' dir='ltr' id='par_1_15' title="bbox 116 2727 1010 2848">
     <span class='ocr_line' id='line_1_36' title="bbox 886 2727 1010 2776; baseline 0.024 -3"><span class='ocrx_word' id='word_1_230' title='bbox 886 2727 1010 2776; x_wconf 88' lang='lat' dir='ltr'><strong>VIII</strong></span> 
     </span>
     <span class='ocr_line' id='line_1_37' title="bbox 116 2795 547 2848; baseline 0 0"><span class='ocrx_word' id='word_1_231' title='bbox 116 2795 178 2848; x_wconf 74' lang='lat' dir='ltr'>Si</span> <span class='ocrx_word' id='word_1_232' title='bbox 213 2797 381 2848; x_wconf 88' lang='lat' dir='ltr'>sciens</span> <span class='ocrx_word' id='word_1_233' title='bbox 418 2797 547 2848; x_wconf 83' lang='lat' dir='ltr'>fallo</span> 
     </span>
    </p>
   </div>
   <div class='ocr_carea' id='block_1_16' title="bbox 234 2888 1789 2947">
    <p class='ocr_par' dir='ltr' id='par_1_16' title="bbox 234 2888 1789 2947">
     <span class='ocr_line' id='line_1_38' title="bbox 234 2888 1789 2947; baseline -0.001 -14"><span class='ocrx_word' id='word_1_234' title='bbox 234 2888 390 2933; x_wconf 88' lang='lat' dir='ltr'>Cicero</span> <span class='ocrx_word' id='word_1_235' title='bbox 425 2890 485 2933; x_wconf 86' lang='lat' dir='ltr'>ad</span> <span class='ocrx_word' id='word_1_236' title='bbox 516 2889 624 2933; x_wconf 86' lang='lat' dir='ltr'>fam.</span> <span class='ocrx_word' id='word_1_237' title='bbox 656 2889 734 2932; x_wconf 88' lang='lat' dir='ltr'>VH</span> <span class='ocrx_word' id='word_1_238' title='bbox 759 2894 800 2946; x_wconf 87' lang='lat'>1,</span> <span class='ocrx_word' id='word_1_239' title='bbox 825 2895 850 2933; x_wconf 82' lang='lat'>2</span> <span class='ocrx_word' id='word_1_240' title='bbox 886 2889 1106 2945; x_wconf 60' lang='grc' dir='ltr'>ε0111111110,</span> <span class='ocrx_word' id='word_1_241' title='bbox 1139 2889 1178 2933; x_wconf 90' lang='lat' dir='ltr'>si</span> <span class='ocrx_word' id='word_1_242' title='bbox 1209 2890 1408 2947; x_wconf 80' lang='lat' dir='ltr'>quaeris,</span> <span class='ocrx_word' id='word_1_243' title='bbox 1443 2889 1561 2933; x_wconf 84' lang='lat' dir='ltr'>ludi’</span> <span class='ocrx_word' id='word_1_244' title='bbox 1595 2892 1654 2946; x_wconf 88' lang='lat' dir='ltr'>(a.</span> <span class='ocrx_word' id='word_1_245' title='bbox 1687 2891 1789 2947; x_wconf 79' lang='lat'>699)</span> 
     </span>
    </p>
   </div>
  </div>
 </body>
</html>
