1980 3146
170 88 278 140 218
860 86 908 130 L.
941 85 1150 131 ACCIVS

168 294 342 364 'Apud
379 296 647 346 uetustam
685 297 886 346 turrem
983 225 1030 270 V

286 394 550 438 Priscianus
582 409 626 450 p.
655 399 736 438 761
764 395 813 438 Ρ.
873 393 1100 438 ‘turrim
1132 396 1180 438 et
1211 396 1399 450 turrem,
1432 395 1493 438 ab
1525 395 1613 439 hac
1645 395 1761 439 turri
1792 398 1840 440 et

167 457 303 498 turre.
367 452 533 497 Accius
566 452 616 496 in
646 453 813 497 Medea
840 454 926 498 ...⁹
976 452 1177 509 (media
1209 453 1346 510 Sang.
1380 453 1509 498 Grut.
1541 455 1756 511 Karolir.)

965 563 1038 611 VI

181 647 416 719 Vagam,
454 664 652 717 pauore
690 647 893 716 pecuda
930 648 987 700 in
1024 648 1246 700 tumulis
1287 647 1546 700 deserunt.

78 734 323 804 410<Α1>
364 735 461 804 qus
494 754 593 789 uos
629 738 811 805 pascet
846 737 1067 805 p6stea‘?

281 829 401 873 Non.
437 834 541 885 159,
569 834 623 873 10
673 829 845 886 ‘pecua
892 831 939 873 et
984 829 1201 886 pecuda
1247 828 1316 873 ita
1359 832 1411 873 ut
1448 843 1616 886 pecora
1657 832 1837 874 ueteres

166 887 382 932 dixerunt
416 925 423 932 .
452 925 459 933 .
489 925 497 933 .
530 887 696 931 Accius
743 889 1028 945 Astyanacte
1063 925 1071 933 .
1101 925 1108 932 .
1138 926 1145 933 .
1179 888 1304 932 idem
1349 889 1515 933 Medea
1546 926 1553 933 .
1582 926 1590 933 .
1619 889 1646 934 .’
1711 889 1840 933 Idem

163 951 272 1002 467,
298 952 352 991 22
389 948 589 1004 ‘uagas
620 961 704 1004 pro
735 946 923 1004 uagaris
951 984 987 992 ..
1010 984 1018 992 .
1044 946 1212 992 Accius
1242 947 1387 992 Tereo
1507 948 1621 992 item
1651 948 1839 993 Medea:

163 1008 379 1063 uagant
498 1006 802 1050 deserunt.’
1487 1014 1491 1017 “

283 1092 305 1129 1
341 1087 559 1131 sederunt
582 1105 616 1131 ω
643 1103 691 1144 p.
720 1093 802 1132 159
894 1093 919 1131 2
953 1088 1033 1144 qui
1057 1089 1121 1133 W
1144 1087 1248 1144 quis
1273 1105 1308 1145 φ
1398 1102 1496 1144 uos»,
1521 1094 1572 1133 ut
1595 1089 1835 1144 edideram,
1911 1123 1913 1125 .

163 1147 224 1190 D.
260 1146 482 1192 Heinsius
510 1161 595 1190 nos
628 1165 662 1191 ω

951 1213 1049 1261 VII

160 1294 340 1348 Prima
379 1298 444 1348 ex
483 1297 704 1349 immani
743 1296 947 1349 uictum
987 1297 1053 1349 ad
1090 1293 1425 1365 mansuetum
1463 1297 1734 1366 applicans

278 1389 395 1434 Non.
421 1395 522 1445 323,
550 1395 602 1433 13
639 1389 901 1435 ‘immane
926 1405 1107 1434 rursum
1129 1389 1319 1434 minime
1342 1390 1529 1446 bonum,
1560 1392 1606 1434 et
1628 1390 1833 1433 nocens’

278 1469 480 1526 primum
510 1471 708 1516 Bothius
737 1471 887 1527 primo
919 1472 1081 1516 Delrio
1171 1471 1300 1515 uictu
1331 1472 1494 1528 Basil„
1526 1486 1608 1516 om.
1641 1472 1706 1515 W

933 1581 1057 1629 VIII

776 1669 838 1718 ut
876 1666 1046 1718 tristis
1084 1665 1362 1718 turbinum

161 1752 432 1805 Toleraret
471 1753 693 1823 hiemes,
732 1755 876 1807 mare
915 1772 1036 1806 cum
1073 1754 1316 1807 horreret
1352 1754 1616 1807 fluctibus

74 1907 79 1910 ²
187 1907 208 1949 t
277 1845 396 1948 Notn.
425 1851 527 1902 422,
543 1851 608 1926 ‚32
644 1846 959 1904 ‘horridum
988 1847 1270 1904 plerumque·
1293 1850 1455 1892 extans
1489 1850 1536 1892 et
1566 1847 1831 1905 prominens

161 1918 185 1948 e
239 1918 340 1948 erec
363 1919 443 1948 um
469 1942 476 1949 .
498 1941 506 1949 .
528 1942 535 1949 .

279 1991 304 2029 2
338 1985 547 2030 horreret
577 1987 774 2031 Bothius
804 1987 960 2031 horret
991 2005 1026 2031 ω

964 2098 1035 2146 ΙΧ

159 2179 279 2234 Nisi
318 2185 378 2232 ut
417 2181 537 2232 astu
576 2181 851 2252 ingenium
890 2181 1075 2253 lingua
1112 2182 1322 2234 laudem
1361 2185 1415 2234 et
1453 2180 1608 2235 dictis
1643 2182 1834 2234 lactem

1216 2270 1425 2323 lenibus

276 2362 394 2406 Non.
415 2367 483 2418 16,
504 2366 557 2405 15
586 2362 832 2406 ‘lactare
858 2365 928 2406 est
948 2362 1165 2407 inducere
1182 2362 1260 2407 uel
1275 2362 1477 2407 mulcere
1494 2363 1570 2408 uel
1587 2363 1831 2420 decipere.’

275 2442 452 2499 ingenii
483 2443 658 2500 fingam
689 2442 878 2487 laudem
909 2443 1110 2502 Scaliyer
1217 2444 1422 2502 laudem]
1455 2444 1615 2488 ludam
1645 2459 1678 2488 m
1707 2447 1834 2500 (pro-

155 2503 264 2557 pius
295 2501 486 2545 laudam
517 2504 629 2559 erat)

975 2569 1019 2615 X

44 2637 157 2702 ⁴415
175 2648 333 2702 'Exul
371 2651 510 2703 inter
548 2651 740 2720 hdsffis,
780 2669 965 2719 exspes
1006 2670 1193 2720 expers
1235 2652 1470 2704 desertus
1508 2670 1675 2721 uagus

276 2744 395 2787 Non
423 2749 491 2799 12,
518 2744 593 2786 8‘
605 2757 804 2800 exspes
840 2743 1021 2826 dicitur
1042 2744 1140 2789 sine
1173 2758 1266 2801 spe
1314 2743 1479 2788 Accius
1511 2742 1800 2798 Eurysace.

160 2800 284 2845 idem
315 2802 516 2845 Medea.

277 2866 382 2924 exul
403 2884 545 2947 Δναῖςο
567 2839 700 2925 ‘exuli
732 2901 766 2926 ω
