1980 3146
66 85 73 92 ’
133 101 237 154 166
821 99 870 143 L.
904 98 1114 144 Aoows

44 515 99 555 60

51 2019 104 2058 65

131 235 239 277 sunt
268 234 392 278 edidi
421 233 512 277 sive
545 232 835 287 adfirmantis
864 232 956 276 sive
977 231 1303 290 interroyantis
1393 231 1509 275 duos
1534 231 1811 289 Hartwnyus

155 336 158 340 ,
219 293 328 336 sunt
357 306 458 337 cum
487 292 657 336 Bothio
689 304 772 335 om
807 291 887 348 qui
917 291 1149 336 senarium
1179 291 1404 348 inteyrum
1429 295 1611 347 ponunt

939 415 991 462 H

130 499 221 554 'Vt
279 518 365 553 me
427 499 728 569 depositum
789 488 844 551 et
903 501 1227 551 maerentem
1287 499 1478 551 nuntio
1531 499 1809 568 repentino

1190 587 1417 639 alacrem

131 677 430 729 Reddidisti
469 676 639 746 adque
679 676 927 729 excitasti
967 694 1032 728 ex
1070 675 1219 728 hictu
1258 676 1315 728 in
1352 674 1741 728 laetittidinem!

248 778 367 822 Non.
403 782 509 833 132,
536 782 562 821 9
604 775 987 821 ‘laetitudine
1017 790 1101 834 pro
1132 775 1330 820 laetitia.
1395 775 1563 820 Accius
1593 776 1812 820 Alcme-

132 850 274 881 none
300 837 387 882 ...'
453 835 791 893 (alcimeone
822 835 985 881 Vrbin.
1019 838 1124 891 307)

252 930 275 969 1
310 925 575 982 depositum
600 926 857 970 Palmerius
889 923 1146 982 repositum
1168 942 1203 968 ω
1234 923 1496 981 depositam
1519 925 1667 969 conici
1683 937 1813 981 posse

132 986 238 1030 olim
282 987 440 1030 monui
537 986 585 1028 et
629 987 917 1029 maerentem
961 985 1134 1029 anius
1178 983 1483 1028 inmerentem
1527 1001 1574 1028 ω.
1637 983 1717 1027 An
1762 985 1814 1027 ut

131 1045 446 1089 maerentem?
565 1043 732 1087 nuntio
771 1042 1015 1101 repentino
1055 1043 1252 1088 Bothius
1288 1042 1532 1099 repentino
1570 1041 1736 1086 nuntio
1777 1059 1811 1086 ω

132 1102 375 1160 repentino
408 1103 610 1147 alacrem
639 1118 684 1147 n.
717 1105 890 1148 exitum
921 1103 1244 1148 commendavit
1267 1103 1370 1147 Bue
1461 1107 1486 1144 2
1521 1103 1661 1157 atque
1693 1100 1814 1145 exci-

133 1162 247 1206 tasti
278 1163 513 1208 Mercerus
545 1162 682 1206 adiue
713 1161 956 1206 hesitastis
990 1179 1024 1205 ω
1057 1175 1112 1205 ac
1142 1175 1216 1205 me
1249 1160 1467 1205 excitasti
1497 1161 1670 1205 Jum'us

930 1286 1010 1334 III

207 1372 359 1435 Quod
398 1372 451 1424 di
488 1371 547 1424 1‘n
585 1372 761 1424 sedem
800 1372 1063 1424 infernam
1105 1370 1319 1439 penitus

205 1461 527 1531 Depressum
567 1460 690 1513 altis
730 1461 963 1513 clausere
1003 1459 1174 1529 specis

248 1562 368 1606 Non.
387 1566 486 1619 487,
505 1566 560 1605 25
581 1561 792 1619 ‘specis
817 1575 900 1618 pro
927 1560 1168 1618 specubus.
1201 1558 1369 1603 Accius
1395 1558 1696 1602 Alcmeone
1717 1594 1725 1602 .
1746 1594 1754 1602 .
1778 1558 1805 1601 .’

252 1656 274 1694 1
310 1650 358 1694 di
397 1650 447 1694 in
487 1650 645 1694 sedem
682 1650 914 1694 infernam
951 1665 983 1694 x
1022 1647 1071 1691 di
1108 1647 1344 1692 interdum
1382 1647 1581 1691 inferam
1613 1665 1648 1690 ω
1686 1645 1735 1690 di
1764 1645 1815 1690 in

135 1712 304 1754 terram
333 1710 567 1754 infernum
597 1710 701 1754 Bue
793 1714 818 1752 2
850 1708 1184 1764 interpressum
1217 1708 1282 1751 W

935 1833 1007 1881 IV

620 1917 712 1987 qui
752 1918 911 1970 ducat
949 1920 1071 1969 clim
1110 1919 1163 1969 te
1202 1933 1446 1969 socerum
1484 1915 1706 1983 uiderit,

139 2004 433 2059 Generibus
472 2009 679 2060 tantam
719 2008 831 2059 esse
870 2005 1220 2075 inpietatem?
1260 2046 1580 2057 .......

249 2107 370 2152 Non.
388 2111 553 2164 487,29
575 2105 909 2164 ‘generibus
926 2120 1010 2163 pro
1028 2104 1226 2162 generis.
1245 2104 1412 2149 Accius
1426 2103 1814 2149 Alcmeone...'

136 2167 455 2223 (Alcmeone
487 2167 548 2210 W
578 2164 1197 2220 AlchimaeoneBamb.)

254 2261 276 2298 1
319 2268 527 2299 socerum
569 2253 744 2298 uiderit
782 2255 967 2298 Vossius
1005 2252 1179 2297 uiderit
1218 2266 1427 2296 socerum
1458 2269 1492 2295 ω
1613 2253 1707 2307 fuit
1738 2252 1819 2308 qui

135 2316 407 2370 septenarios
451 2315 665 2358 iambicos
709 2312 790 2369 qui
840 2313 883 2357 d.
933 2327 1038 2356 cum
1084 2314 1132 2356 te
1177 2310 1350 2356 uiderit
1394 2324 1602 2355 socerum
1641 2325 1674 2355 e.
1709 2325 1748 2367 q.
1781 2324 1815 2354 s.

137 2375 481 2418 commendaret:
515 2374 571 2428 cf.
604 2374 756 2418 coroll.
789 2373 833 2416 L
857 2387 919 2429 sq.

954 2467 1001 2512 V

139 2551 306 2603 Tenta
343 2555 405 2604 lit
442 2552 747 2604 frustrando
786 2552 989 2603 lactans
1027 2567 1229 2602 uanans
1269 2547 1566 2618 protrahas

254 2651 374 2695 Non.
417 2657 493 2708 16,
519 2657 574 2695 22
626 2651 873 2695 ‘lactare
917 2652 989 2694 est
1025 2649 1244 2693 inducere
1285 2647 1362 2692 uel
1399 2646 1605 2703 mulgere
1645 2645 1816 2689 uellere

144 2709 354 2766 decipere
380 2747 388 2754 .
410 2747 447 2755 ..
473 2710 642 2754 Accius
675 2709 1043 2754 Alcimaeone
1069 2745 1078 2753 .
1101 2745 1108 2752 .
1129 2709 1158 2752 .’
1223 2707 1351 2751 Idem
1384 2710 1490 2760 184,
1517 2709 1539 2747 1
1576 2704 1815 2747 ‘uanans

145 2768 320 2812 dictum
349 2783 432 2825 pro
464 2769 648 2814 fallens.
711 2768 879 2812 Accius
911 2767 1180 2811 Alcmena
1207 2802 1244 2811 ..
1265 2801 1274 2810 .

262 2858 395 2899 tenta
434 2857 661 2915 Berykius
708 2858 844 2899 tanta
883 2874 917 2899 ω
963 2857 1150 2898 tantum
1181 2853 1363 2899 Vossius
1390 2850 1507 2894 fata
1546 2851 1648 2894 Bue
1768 2853 1820 2894 ut
1874 2881 1879 2886 -

145 2927 226 2958 om.
263 2932 297 2958 ω
324 2929 372 2970 p.
409 2920 493 2958 184
583 2914 816 2971 protrahit
846 2931 881 2958 ω
906 2929 954 2970 p.
982 2917 1068 2956 184
1097 2909 1329 2968 protrahis
1363 2909 1611 2966 Schoppius
