2010 3146
808 101 899 147 CN.
932 101 1197 148 NAEVIVS
1769 103 1828 155 11

959 271 1032 319 IV

1051 342 1395 394 suauisomim
1435 341 1602 394 melos
1868 356 1924 395 20

272 441 391 485 Non.
434 446 540 497 213,
575 446 630 485 10
683 441 883 486 ‘melos
930 455 1098 499 genere
1145 444 1323 486 neutro.
1387 442 1442 486 N.
1490 442 1702 500 Lycurgo
1731 479 1738 486 .
1767 479 1775 486 .
1804 443 1831 486 .’

153 500 405 558 (lecurgo
436 500 596 558 Leid.).

272 588 575 633 suauisonum
606 588 809 648 Scaliger
840 602 984 632 suaue
1018 603 1247 633 summum
1278 607 1312 634 ω

977 728 1024 774 V

155 811 266 865 Vos
274 855 289 882 ‚
328 811 427 881 qu1'
459 812 654 882 regalis
693 813 932 882 corporis
971 813 1238 866 custodias

154 899 412 972 Agitatis,
451 901 525 953 ite
565 904 805 953 actutum
845 902 902 954 in
938 902 1260 955 frondiferos
1298 903 1444 955 locos
1452 946 1466 972 ,

153 988 376 1060 Ingenio
416 989 635 1042 arbusiza
673 989 768 1042 ubi
806 991 932 1042 nata
970 994 1116 1060 sunt,
1154 1009 1263 1043 non
1303 991 1490 1043 obsita.

269 1090 387 1134 Non.
423 1095 522 1147 323,
550 1096 571 1134 1
611 1090 871 1148 ‘ingenio
902 1094 1083 1136 ueteres
1117 1091 1335 1136 dixerunt
1367 1094 1415 1137 et
1446 1107 1530 1136 sua
1562 1094 1726 1149 sponte
1758 1093 1835 1137 uel

152 1151 333 1193 natura.
397 1149 574 1194 Neuius
606 1150 819 1207 Lycurgo
847 1187 854 1194 .
879 1187 886 1194 .
909 1152 936 1194 .'

274 1243 296 1281 1
337 1237 510 1296 regalis
552 1239 608 1282 H
614 1238 631 1263 ²
683 1238 832 1295 regali
871 1239 988 1283 LW
1033 1239 1186 1296 regar-i
1225 1257 1260 1296 φ
1381 1244 1406 1283 2
1441 1239 1634 1297 agitatis
1674 1241 1842 1286 ΒΘΗ

155 1296 297 1354 agitis
323 1315 358 1353 φ
441 1297 689 1342 frudiferos
712 1308 751 1354 ψ
783 1297 1055 1342 frondifluos
1082 1299 1232 1344 Palat.
1318 1298 1447 1343 lucos
1471 1317 1499 1358 χ
1591 1304 1617 1343 3
1642 1300 1834 1344 arbuslzo

154 1356 341 1402 GH²L
442 1356 525 1400 ubi
554 1359 668 1401 nata
701 1357 903 1416 Scaliyer
932 1357 1094 1401 uineba
1126 1375 1161 1402 ω
1201 1360 1254 1401 ut
1284 1360 1398 1402 nata
1429 1359 1662 1404 Baehrens
1753 1359 1834 1403 ob-

153 1415 245 1459 sita
277 1416 480 1474 Scaliyer
511 1415 667 1460 obsitu
699 1416 868 1461 ΒΘΗ
894 1416 1106 1460 obstutas
1141 1417 1198 1460 H
1221 1432 1306 1475 my.
1339 1418 1458 1462 LW

956 1556 1029 1603 VI

1059 1639 1233 1692 ducite

149 1727 232 1780 Εό
273 1746 392 1780 011111
433 1729 637 1800 argutis
676 1727 875 1799 linguis
913 1731 1090 1781 mutas
1129 1728 1500 1798 quadrupedis,
1864 1771 1918 1810 25

266 1829 385 1872 Non.
413 1834 454 1885 9,
479 1833 536 1872 24
569 1829 779 1872 ‘mutus
810 1829 1168 1886 onomatopoeia
1193 1831 1264 1873 est
1287 1829 1493 1874 incertae
1517 1829 1661 1886 uocis,
1694 1830 1831 1886 quasi

149 1887 377 1944 mugitus3
425 1902 535 1931 nam
581 1889 737 1931 mutus
777 1890 880 1946 (mu
918 1891 966 1946 x)
1014 1902 1152 1932 sonus
1201 1890 1273 1932 est
1314 1888 1522 1946 proprie,
1571 1889 1653 1945 qui
1691 1889 1831 1934 intel-

154 1946 328 1990 lectum
358 1961 453 1990 non
484 1946 642 1990 habet.
705 1947 762 1990 N.
795 1947 1006 2004 Lycurgo
1034 1949 1121 1991 ...’

270 2041 293 2079 1
328 2035 486 2079 ducito
518 2036 596 2080 Ba
655 2036 758 2090 fort.
793 2034 951 2080 ducito
977 2035 1069 2080 cito
1102 2037 1154 2080 in
1182 2037 1436 2093 septenario
1509 2042 1534 2080 2
1568 2050 1672 2080 011111
1703 2037 1827 2083 Mer-

149 2108 276 2139 cerus
305 2096 407 2138 tum
438 2113 485 2151 ω,
520 2096 601 2139 del.
637 2095 801 2150 Havet,
831 2101 884 2140 ut
914 2096 1085 2153 integer
1116 2097 1324 2140 senarius
1354 2095 1450 2150 fiat.

943 2219 1041 2266 VII

859 2302 1058 2372 (alias)
1099 2303 1196 2355 alis

158 2390 435 2445 Sublimen
475 2392 612 2445 altos
651 2391 818 2444 salbus
857 2391 1058 2454 inlicite
1098 2391 1366 2460 (inuios),

150 2479 260 2532 Vbi
296 2480 516 2549 bipedes
554 2480 798 2533 uolucres
836 2479 948 2532 h'no
988 2480 1235 2549 linquant
1273 2480 1490 2532 himina.

267 2580 386 2624 Non.
428 2585 476 2638 6,
513 2586 564 2624 17
623 2580 889 2623 ‘inlicere
945 2582 1016 2624 est
1060 2580 1244 2637 proprie
1290 2580 1574 2636 inlaqueare.
1636 2579 1829 2637 N.'Ly-

153 2653 295 2696 curgo
323 2676 331 2682 .
354 2675 361 2682 .
383 2640 411 2682 .’

273 2734 292 2771 1
329 2726 434 2771 aliis
469 2727 542 2771 F1
629 2734 654 2771 2
689 2726 948 2783 sublimem,
980 2742 1012 2770 n
1042 2742 1098 2773 m.
1126 2733 1151 2771 2
1183 2742 1423 2784 suprascr„
1458 2728 1502 2771 L
1584 2725 1701 2770 alios
1733 2743 1768 2770 ω

151 2785 296 2829 saltos
323 2786 374 2830 F
383 2787 397 2812 ¹
516 2786 781 2841 endolicite‚
814 2785 896 2829 ubi
923 2787 930 2843 Ι
958 2786 1181 2843 duipedes
1213 2788 1384 2832 conieci
1415 2787 1563 2831 coroll.
1589 2785 1686 2828 XII.
1738 2784 1827 2828 alis

152 2844 383 2889 sublimen
415 2844 535 2889 altos
569 2845 716 2889 saltus
749 2844 902 2888 inlicit
931 2845 1034 2890 Bue
1066 2844 1184 2890 alios
1217 2845 1450 2889 sublimen
1483 2844 1630 2888 saltus
1662 2843 1828 2887 illicite

154 2902 184 2955 <
189 2902 332 2962 ilico>
356 2904 507 2949 Havet
