2020 3140
429 105 512 149 EX
541 105 818 151 INCERTIS
847 105 1247 151 INCERTORVM
1277 105 1530 150 FABVLIS
1720 107 1828 160 293

267 238 501 283 Charisius
532 254 576 296 p.
603 243 690 283 254
713 239 762 284 P.
816 240 921 296 ‘per
959 239 1267 283 transitum
1307 238 1405 283 siue
1437 238 1828 284 transmutatione

144 311 469 354 personarum,
506 311 610 341 cum
643 312 671 342 a
701 300 863 342 nostra
897 298 956 342 ad
988 298 1186 342 alteram
1215 298 1466 342 transimus
1499 300 1547 342 et
1575 311 1659 356 per
1696 297 1830 342 illam

144 357 530 414 transfigurantes
585 357 711 413 quod
762 357 977 401 uolumus
1031 357 1305 414 retinemus,
1359 360 1436 402 ut:
1491 357 1826 414 Thesprote’

146 429 183 460 e.
218 431 260 471 q.
295 431 328 461 s.
379 416 483 460 ‘hic
516 430 544 459 a
575 430 660 460 sua
689 417 906 472 persona’
942 418 1058 473 (sua
1090 430 1178 461 om.
1211 416 1334 473 cod,
1369 415 1554 462 addidi:
1585 430 1830 473 persona

146 488 202 519 ex
231 475 315 519 illo
348 489 448 519 sua
477 476 642 519 natum
667 488 766 519 esse
789 477 928 532 putat
953 475 1281 532 Buechelerus)
1315 474 1392 518 ‘in
1417 474 1560 519 aliam
1582 489 1830 532 personam

144 534 350 591 transiit,
373 537 427 578 ut
450 536 674 591 argutans
697 547 780 591 per
802 533 936 577 illam
960 534 1238 590 ostenderet,
1262 533 1376 590 quid
1391 534 1540 578 uellet
1554 533 1826 591 increpare?

144 593 213 637 De
244 596 440 649 utroque
470 593 526 637 fr.
557 593 682 638 LXV
713 595 761 636 et
789 592 932 637 LXVI
964 592 1062 635 dixi
1092 593 1142 636 in
1172 593 1281 637 hist.
1314 595 1433 650 trag.
1464 609 1510 650 p.
1546 598 1631 638 628
1650 608 1716 650 sq.

265 687 290 725 2
325 695 429 726 aras
470 680 702 725 sacrificas
741 682 947 738 supplevi
983 694 1110 724 arass
1141 682 1193 725 in
1222 682 1311 737 sine
1341 696 1495 727 versus
1525 683 1618 727 cod.
1726 696 1830 726 aras

75 755 78 758 ’
149 754 332 785 3301310
371 754 551 784 33013111
588 742 654 785 ed.
688 742 842 797 princ.
884 753 989 783 aras
1029 753 1184 783 sacras
1225 743 1458 784 sacratam
1501 741 1688 786 Grotius
1726 755 1830 785 aras

150 814 331 844 sacram
371 813 525 843 sacras
563 800 761 845 Bothius
800 813 906 843 aras
947 798 1176 856 sacrilega
1205 813 1348 843 manu
1383 799 1744 850 OFWMueller

151 863 177 902 3
210 858 463 903 dubiumne
503 872 564 902 an
601 860 765 916 scripsi
804 857 998 901 dubium
1037 872 1099 901 an
1137 859 1231 903 cod.
1273 858 1525 902 dubiumne
1563 858 1613 902 id
1647 859 1834 905 Grotius

152 917 256 962 fuat
288 918 533 963 Fabricius
563 917 648 961 fiat
677 919 772 963 cod.
807 916 897 962 siet
927 918 1172 962 Putschius

906 1041 1066 1090 LXVI

928 1126 1032 1178 rite
1071 1125 1429 1195 Thesprotum
1468 1126 1632 1195 pudet

149 1214 311 1268 Atrei
315 1259 328 1286 ,
369 1215 512 1284 quod
550 1215 663 1284 ipse
703 1233 734 1267 a
771 1213 997 1267 Tantalo
1038 1213 1195 1266 ducat
1232 1233 1414 1285 genus.

270 1316 507 1361 Charisius
554 1331 598 1373 p.
633 1320 718 1359 247
758 1316 807 1360 P.
873 1316 1215 1359 ‘sarcasmos
1271 1318 1343 1360 est
1390 1315 1642 1373 allegoriae
1687 1316 1836 1373 figura

151 1375 394 1420 deridendi
426 1390 568 1420 causa
599 1375 730 1431 ficta,
770 1377 843 1419 ut:
885 1373 998 1418 rite
1024 1408 1034 1418 .
1055 1410 1062 1418 .
1085 1409 1093 1418 .
1119 1387 1314 1431 genus3
1346 1388 1429 1432 per
1458 1375 1547 1419 hoc
1578 1374 1702 1419 enim
1731 1376 1838 1420 uult

149 1435 379 1493 intellegi,
412 1434 670 1492 ignobilem
701 1448 801 1478 esse
833 1433 1174 1490 'Thesprotum’

278 1529 300 1566 1
334 1524 482 1580 pudet
516 1523 704 1568 Grotius
732 1522 910 1579 pudeat
932 1523 1079 1579 Neap.
1113 1529 1155 1568 et
1184 1537 1275 1568 exc.
1301 1523 1431 1567 Leid.
1524 1528 1548 1566 2
1581 1522 1712 1567 Atrei
1734 1523 1837 1567 Bue

152 1582 222 1627 rei
263 1584 410 1640 Ncap.
452 1597 542 1628 cxc.
575 1583 706 1627 Leid.
748 1581 907 1639 generi
938 1584 1213 1628 coniecerant
1332 1582 1456 1638 quod
1488 1583 1634 1638 Neap.
1669 1597 1711 1637 q.
1743 1596 1834 1627 exc.

153 1643 283 1687 Leid.
395 1642 456 1686 ad
486 1656 578 1686 cxc.
612 1642 742 1686 Leid.
774 1643 855 1697 (an
886 1641 946 1685 ab
959 1645 996 1698 P)
1091 1641 1233 1685 ducat
1263 1642 1411 1698 Neap.
1445 1640 1551 1685 duci
1581 1656 1672 1686 caec.
1705 1641 1835 1686 Leid.

153 1701 318 1745 ductat
347 1701 546 1746 Bothius
577 1699 707 1744 ducit
738 1701 920 1745 Keilius

903 1811 1090 1859 LXVII

160 1894 340 1947 'Erras
383 1911 546 1947 erras:
592 1913 718 1946 nam
757 1894 1083 1947 exultantem
1122 1897 1175 1946 te
1215 1896 1268 1946 et
1304 1893 1683 1963 praefidentem
1721 1893 1924 1947 tibi125

157 1983 475 2053 Repriment
519 1983 727 2035 ualidae
772 1983 952 2053 legum
990 1982 1227 2035 habenae
1274 1985 1432 2051 atque
1470 1981 1662 2051 imperi
1699 1982 1823 2034 insi-

1221 2072 1364 2123 stent
1402 2071 1542 2141 iugo,

275 2172 433 2217 Cicero
467 2172 525 2215 de
557 2173 672 2216 orat.
697 2172 763 2215 III
785 2177 856 2228 41,
885 2177 968 2216 166
1003 2173 1130 2215 ‘nam
1159 2171 1292 2228 illud,
1326 2171 1450 2226 quod
1479 2185 1535 2215 ex
1557 2170 1646 2214 hoc
1669 2184 1837 2227 genere

156 2231 362 2289 profluit,
393 2245 489 2274 non
520 2232 592 2274 est
622 2230 672 2273 in
703 2245 795 2274 uno
827 2231 969 2275 uerbo
1001 2230 1251 2285 translato,
1285 2231 1366 2274 sed
1397 2244 1454 2274 ex
1483 2229 1695 2286 pluribus
1728 2243 1838 2274 con-

158 2290 356 2334 tinuatis
397 2288 677 2344 conectitur,
718 2292 772 2333 ut
811 2289 941 2333 aliud
973 2289 1176 2344 dicatur,
1216 2288 1346 2332 aliud
1377 2288 1744 2346 intellegendum
1775 2289 1839 2333 sit

160 2349 397 2408 [LXXIV]
470 2350 611 2403 atque
658 2347 797 2393 illud:
847 2362 1000 2392 erras
1048 2349 1225 2391 erras’
1276 2361 1313 2393 e.
1347 2362 1390 2403 q.
1424 2362 1457 2392 s.
1531 2349 1743 2405 ‘sumpta
1786 2361 1837 2392 re

159 2407 303 2452 simili
341 2407 486 2450 uerba
525 2405 623 2450 eius
664 2406 731 2450 rei
768 2406 957 2463 propria
989 2406 1206 2462 deinceps
1238 2406 1288 2450 in
1318 2420 1414 2450 rem
1447 2406 1609 2463 aliam,
1640 2409 1695 2451 ut
1725 2406 1837 2463 dixi,

158 2466 531 2512 transferuntur.’
594 2465 739 2508 Iulius
770 2465 932 2509 Victor
969 2465 1018 2508 in
1048 2465 1186 2510 rhett.
1219 2465 1341 2510 Latt.
1373 2481 1417 2522 p.
1443 2470 1530 2509 432
1555 2465 1610 2510 H.
1662 2467 1837 2510 ‘trans-

158 2526 348 2570 latio..
380 2527 467 2568 .ut
515 2523 644 2567 aliud
690 2523 818 2567 dicas
865 2526 913 2567 et
959 2523 1089 2567 aliud
1133 2523 1500 2582 intellegendum
1546 2523 1628 2580 sit,
1674 2527 1728 2568 ut
1766 2526 1840 2569 est

161 2585 383 2643 [LXXIV]
433 2585 480 2626 et
525 2582 753 2638 imperii
799 2582 1078 2626 insistent
1122 2582 1265 2639 iugo.’
1329 2582 1458 2627 Accii
1502 2582 1837 2628 Clutemestrae

159 2643 305 2688 tribui
337 2642 454 2687 conl.
488 2641 651 2685 Aesch.
684 2641 769 2698 Ag.
798 2646 912 2685 1610
937 2641 992 2685 H.
1027 2641 1129 2686 Sen.
1161 2642 1246 2698 Ag.
1274 2646 1372 2686 964.

279 2736 301 2774 1
336 2745 460 2774 01133
491 2731 620 2774 semel
651 2743 733 2773 om.
759 2729 862 2774 Erz.
888 2729 1076 2774 Abrinc.
1109 2744 1209 2774 cum
1240 2731 1346 2774 aliis
1435 2743 1544 2772 nam
1576 2731 1624 2773 et
1646 2729 1836 2774 uidente

159 2792 206 2833 te
249 2792 296 2833 et
333 2789 618 2846 praefidente
659 2787 970 2844 (praesidente
1009 2789 1110 2833 Erl.
1145 2790 1170 2832 b
1210 2787 1504 2844 praesidente
1535 2789 1637 2833 Pal.
1676 2789 1836 2845 ottob.)

160 2847 248 2891 tibi
274 2849 461 2893 Abrinc.
488 2849 588 2893 Erl.
616 2849 640 2891 b
665 2848 767 2891 Pal.
798 2847 883 2891 Ott.
917 2861 1027 2890 nam
1058 2849 1106 2891 et
1136 2845 1326 2890 uidente
1359 2849 1407 2891 et
1427 2846 1722 2903 praesidente
1746 2846 1839 2891 tibi

162 2907 265 2951 Erl.
298 2922 327 2951 α
416 2906 670 2950 uiolentem
700 2907 751 2950 in
782 2907 861 2950 illo
892 2905 1083 2950 uidente
1115 2907 1251 2951 latere
1282 2908 1460 2951 videtur
1489 2906 1760 2952 Buechelero
