2010 3146
228 87 298 139 32
859 56 862 59 ⁴
917 84 968 138 Q.
1000 83 1225 128 Evas

141 316 225 356 105
245 345 440 356 ......
475 302 578 353 alia
615 301 809 352 fluctus
849 222 1305 368 differXIgiI‘ssupat

229 378 548 445 Visceratim
586 388 849 457 membra,
887 387 1055 440 maria
1093 387 1231 440 salso
1271 390 1521 457 spumant
1557 387 1829 457 sanguine.

343 484 462 528 Non.
499 487 596 539 183,
623 487 676 526 17
714 480 1106 525 ‘uisceratim’
1162 504 1168 508 -

345 570 370 608 2
404 564 528 608 salso
561 564 811 609 Scriverius
842 562 966 606 salsa
998 580 1032 606 ω

345 646 419 689 Ad
441 645 563 688 hano
586 644 797 688 fabulam
818 643 1050 700 pertinere
1075 642 1335 700 suspicatus
1361 657 1463 686 sum
1485 642 1574 686 ino.
1599 657 1719 688 nom.
1738 643 1903 687 XIV-—

228 706 346 750 XVI.
397 705 623 749 Scaeuam
653 703 852 748 fortasse
885 702 1089 759 respexit
1111 702 1258 746 Varro
1287 701 1336 745 in
1361 704 1519 746 satura
1542 703 1651 758 περὶ
1675 698 1905 760 ἐξαγωγῆς

227 765 280 809 fr.
306 765 350 807 ΙΙ
381 766 428 808 et
451 763 516 807 VI
537 763 612 807 B.:
654 762 735 807 sed
776 761 905 805 cuius
944 764 1113 818 poetae
1151 761 1362 805 fabulam
1399 760 1449 804 in
1486 763 1642 805 mente
1673 761 1903 819 habuerit,

223 823 364 881 plane
395 822 636 866 incertum.

244 947 246 949 Ι
905 886 1225 935 ATHAMAS

228 979 330 1033 His
369 982 482 1033 erat
520 980 578 1032 in
616 997 706 1032 ore
744 978 994 1031 Bromius
1002 1022 1017 1048 ,
1055 978 1140 1030 his
1178 977 1419 1030 Bacchus
1456 980 1629 1047 pater,

226 1069 343 1122 Ilh‘s
379 1069 587 1138 Lyaeus
626 1067 754 1120 ustis
793 1068 1043 1120 inuentor
1081 1085 1279 1119 sacrae:
1537 1064 1540 1067 ’

229 1159 366 1211 Tum
404 1158 606 1228 pariter
644 1156 819 1210 euhan
855 1156 1059 1226 <euhoe
1099 1156 1351 1225 cantans>
1390 1155 1607 1208 euhium

143 1258 228 1298 110
245 1243 469 1317 Ignotus
507 1247 762 1298 iuuenum
801 1247 983 1298 coetus
1022 1245 1224 1297 alterna
1258 1245 1375 1296 uice

227 1334 428 1404 Insbat,
468 1335 656 1387 alacris
693 1333 955 1387 Bacchico
995 1333 1257 1398 insultans
1294 1332 1468 1385 modo.
1885 1346 1905 1379 5

346 1427 581 1472 Charisius
604 1443 648 1484 p.
668 1433 754 1472 214
769 1428 818 1472 P.
870 1427 1074 1471 ‘euhoe
1100 1463 1108 1471 .
1130 1462 1139 1471 .
1161 1464 1168 1471 .
1189 1463 1197 1471 .
1223 1425 1399 1470 Ennius
1424 1425 1474 1468 in
1497 1425 1802 1470 Athamante:
1834 1424 1907 1469 his

230 1488 354 1531 erat’
406 1501 443 1531 e.
478 1503 520 1543 q.
555 1502 588 1531 S.
650 1487 954 1544 Negaverunt
1006 1488 1115 1543 post
1159 1484 1382 1529 Bothium
1426 1483 1814 1540 Welekerumque
1861 1486 1908 1528 et

228 1546 276 1591 F.
317 1546 536 1590 Albertus
584 1546 743 1604 Lange
789 1548 967 1602 quaest.
1019 1544 1196 1589 metrie.
1250 1560 1294 1601 p.
1338 1548 1405 1588 16.
1441 1549 1523 1588 30-
1552 1546 1600 1587 et
1643 1543 1906 1587 Bel-nardus

230 1605 441 1649 Schmidt
478 1620 594 1651 mus.
634 1606 781 1649 Rhen.
824 1610 901 1661 16,
928 1609 1012 1648 599
1031 1620 1097 1660 sq.
1144 1606 1245 1648 tam
1289 1617 1429 1660 puros
1481 1605 1622 1659 atque
1668 1601 1905 1660 elegantes

229 1678 387 1708 versus
421 1665 481 1709 ab
513 1664 663 1709 Ennio
694 1664 845 1709 factos
878 1677 1000 1708 esse:
1034 1663 1090 1708 ef.
1124 1663 1232 1707 hist.
1266 1665 1388 1719 trag.
1420 1662 1552 1706 Rom.
1579 1666 1677 1706 205.

345 1751 367 1789 1
393 1745 466 1790 his
492 1748 594 1790 erat
611 1746 858 1791 Fabricius
872 1745 913 1789 is
931 1747 1033 1789 erat
1048 1746 1143 1790 cod.
1229 1749 1255 1788 2
1272 1744 1454 1800 Lyaeus
1471 1745 1538 1789 ed.
1554 1758 1628 1800 pr.
1646 1742 1790 1805 lise2us
1807 1745 1901 1788 cod.

315 1809 341 1848 3
373 1805 521 1849 euhoe
553 1807 747 1849 cantans
771 1806 919 1862 suppl.
944 1805 1048 1848 Bue
1072 1803 1219 1862 euhoe
1245 1803 1393 1847 euhoe
1420 1802 1668 1847 Fabricius
1757 1802 1904 1846 euhoe

225 1863 401 1907 resonit
433 1864 587 1908 euhan
618 1863 781 1908 euhius
812 1879 846 1909 w
934 1869 962 1907 4
993 1877 1166 1907 unosus
1199 1864 1426 1908 Vahlenus
1457 1861 1613 1906 Herm.
1648 1866 1716 1918 12,
1741 1866 1828 1906 400

227 1928 252 1966 5
279 1922 479 1967 insultas
497 1925 591 1969 eod.
607 1930 719 1969 uota
734 1925 975 1980 scriptura,
1002 1924 1054 1967 de
1071 1937 1162 1979 qua
1176 1923 1232 1977 cf.
1253 1922 1491 1966 Bitschelii
1505 1934 1654 1977 opusc.
1673 1921 1738 1964 II
1748 1924 1830 1964 715
1840 1935 1903 1978 sq.

228 1982 465 2026 exsultans
497 1984 594 2028 edd.

831 2047 953 2096 ORE
960 2046 1301 2095 SPHONTES

225 2218 332 2271 Aui
369 2220 511 2273 inter
548 2239 659 2273 sese
698 2220 930 2273 sortiunt
968 2219 1157 2272 urbem
1196 2219 1355 2288 atque
1395 2235 1565 2288 agros

341 2313 459 2357 Non.
493 2319 600 2370 471,
628 2319 651 2357 1
695 2313 998 2357 ‘sortirent
1027 2327 1111 2369 pro
1145 2311 1420 2356 sortirentur
1444 2345 1600 2356 .....
1628 2309 1901 2356 sortiunt.

225 2370 401 2414 Ennius
434 2371 693 2418 Cresfonte:
726 2387 787 2416 an
817 2372 939 2416 inter
971 2373 1036 2416 se'
1072 2385 1109 2417 e.
1136 2386 1178 2427 q.
1207 2386 1239 2415 s.

234 2511 278 2555 V
344 2452 422 2520 aui
459 2468 561 2498 cum
598 2455 867 2500 Buechelero
905 2455 1067 2510 scripsi
1106 2467 1167 2496 an
1198 2470 1231 2496 ω
1275 2453 1332 2508 ef.
1365 2453 1514 2497 coroll.
1548 2449 1676 2493 XXII
1796 2461 1895 2491 sese

275 2525 418 2556 ossius
450 2525 497 2555 se
529 2529 563 2555 ω

1040 2578 1091 2625 Π

225 2651 367 2704 Audi
406 2653 565 2721 atque
605 2653 798 2706 auditis
836 2654 1220 2706 hostimentum
1260 2651 1549 2722 adiungitO.

342 2744 505 2788 Festus
536 2761 580 2802 p.
614 2751 699 2790 270
722 2747 783 2791 M.
827 2746 1175 2790 ‘redhostire
1209 2772 1264 2778 —-
1298 2771 1351 2778 «-
1382 2757 1492 2787 nam
1524 2745 1571 2786 et
1600 2741 1775 2786 hostire
1806 2756 1889 2798 pro

227 2815 425 2858 aequare
456 2806 722 2859 posuerunt.
784 2805 959 2848 Ennius
992 2804 1042 2848 in
1073 2805 1348 2860 chresponte
1377 2839 1384 2846 .
1413 2839 1421 2847 ‚
1451 2803 1479 2846 .’

344 2882 455 2926 audi
488 2884 690 2942 Scaliyer
721 2884 854 2928 audis
887 2886 981 2930 cod.
1271 2876 1276 2882 ’
