1980 3146
767 85 818 129 L.
851 83 1062 129 ACCIVS
1212 152 1215 154 η
1649 84 1753 137 207

858 225 976 272 XVI
1042 258 1045 260 -

78 309 279 362 Tamen
314 309 447 361 halit
485 309 704 362 fatiscar
743 308 873 378 quin
914 311 1063 362 tuam
1101 309 1364 378 inplorem
1401 308 1576 361 fidem.

193 410 313 454 Non.
346 414 454 465 479,
481 415 537 455 10
587 409 971 454 ‘fatiscuntur
1014 423 1099 466 pro
1137 408 1395 453 fatiscunt.’
1446 408 1758 466 (epinausi-

74 483 228 514 mace
268 472 320 526 ω)
380 469 510 512 Idem
540 473 648 526 307,
681 474 708 513 8
766 467 1068 512 ‘fatiscere
1107 495 1163 500 —
1196 495 1252 500 -
1292 482 1474 511 rursum
1528 468 1755 513 deficere.’

77 527 524 585 (epinausimace
553 529 611 585 ψ)

191 617 319 660 haud
342 618 571 661 Reatinus
594 617 678 659 aut
701 633 735 659 ω
753 631 802 672 p.
829 619 915 659 307
938 625 977 671 ψ
1002 620 1088 659 479
1114 617 1168 659 ut
1191 616 1270 660 Ba
1286 630 1335 672 p.
1361 620 1447 659 479
1539 615 1758 660 fatiscam

77 693 112 719 ω
138 691 187 733 p.
212 680 299 719 479
367 674 472 731 ‘qui
502 692 537 719 ω
563 689 613 732 p.
639 679 723 718 307

841 740 984 788 XVII

74 826 323 879 Lucifera
359 825 602 894 lampade
641 824 872 877 abietem
910 825 1099 877 exurat
1135 822 1282 877 Iouis

191 925 456 1006 Priscianus
487 941 532 982 p.
558 930 643 969 695
666 925 716 970 Ρ.
768 926 896 970 ‘nam
925 925 1080 971 Iouis
1111 922 1404 969 nominatiuo
1436 939 1620 981 quoque
1646 940 1755 970 casu

74 985 312 1029 inuenitur
337 1022 345 1030 .
367 1022 375 1030 .
396 1021 404 1029 .

195 1077 359 1118 exurat
387 1073 514 1118 Iouis
547 1073 741 1117 arietem
773 1091 807 1117 ω
900 1073 1105 1118 abietem
1135 1074 1433 1118 Hermannus

1757 810 1840 849 331

1758 882 1851 923 332·

191 1162 294 1207 Huc
323 1162 555 1219 pertinere
588 1161 850 1218 suspicatus
883 1176 984 1205 sum
1013 1162 1104 1207 inc.
1137 1162 1232 1206 fab.
1266 1162 1340 1207 IX.
1373 1161 1427 1207 X.
1460 1162 1557 1206 XII.

556 1271 856 1321 ERIGONA
915 1272 1041 1320 Vide
1079 1290 1127 1335 p.
1165 1275 1268 1322 164

543 1389 887 1438 ERIPHYLA
951 1388 1071 1438 Vide
1102 1408 1150 1453 p.
1185 1392 1289 1440 203

722 1507 1108 1557 EVRYSAOES

190 1605 451 1649 EvnrsAcns
477 1607 584 1649 acta
608 1619 649 1650 a.
668 1610 753 1649 697
779 1582 904 1662 (vide
921 1604 1155 1664 Ciceronis
1178 1604 1450 1650 testimonia
1467 1606 1528 1649 ad
1543 1605 1598 1650 fr.
1615 1605 1754 1663 XIII.)

72 1663 196 1708 ludis
238 1678 354 1720 quos
394 1664 556 1708 consul
585 1664 634 1707 P.
669 1663 908 1708 Cornelius
939 1664 1164 1708 Lentulus
1202 1664 1410 1708 faciebat
1449 1667 1533 1708 aut
1567 1664 1754 1709 dedica-

71 1723 204 1767 toriis
252 1725 335 1767 aut
376 1722 648 1767 funebribus
689 1723 933 1779 aliquanto
974 1725 1083 1768 ante
1123 1723 1315 1768 comitia
1354 1723 1430 1767 die
1470 1723 1658 1768 Sextilis
1689 1723 1754 1768 IV

70 1782 237 1826 habita
269 1782 529 1826 celebratis.

879 1850 936 1896 Ia

216 1931 375 1986 Nunc
411 1934 508 2002 per
545 1936 714 1985 terras
753 1951 946 2004 uagae,
985 1933 1214 1986 extorris
1222 1976 1236 2002 ‚

220 2021 407 2091 Regno
448 2021 785 2091 exturbatus,
823 2021 966 2074 mari
1038 2064 1048 2074 .
1125 2064 1136 2074 .

186 2121 305 2166 Non.
334 2126 402 2178 14,
427 2126 483 2165 27
518 2122 790 2166 ‘extorris
822 2121 994 2166 dicitur
1026 2124 1157 2166 extra
1186 2124 1358 2166 terram
1390 2107 1466 2166 uel
1498 2123 1630 2166 extra
1659 2123 1752 2166 ter-

70 2180 234 2225 minos.
297 2179 465 2224 Accius
497 2181 730 2238 Eurysace
762 2182 822 2240 [1.
842 2182 936 2240 ·2].’

187 2269 473 2325 Anapaestos
502 2275 544 2313 et
573 2271 710 2314 huius
739 2276 781 2314 et
809 2271 868 2325 fr.
900 2268 945 2313 Ib
977 2272 1163 2327 aynovit
1194 2269 1396 2327 Scaliger
1512 2274 1607 2326 lsq.
1639 2275 1752 2314 recte

71 2329 293 2384 disposuit
316 2327 630 2384 Hermrmus,
661 2329 798 2373 troch.
828 2334 993 2385 septen.
1025 2330 1189 2373 ‘maluit
1211 2329 1449 2385 Berykius.
1538 2327 1753 2385 Suppleri

64 2392 258 2443 possunt
287 2388 422 2431 varia
450 2388 590 2431 velut:
622 2386 833 2442 marique
865 2386 984 2431 citus
1015 2389 1083 2432 vel
1112 2386 1230 2430 mari
1261 2389 1424 2430 uectus

878 2490 936 2544 1¹³

218 2579 389 2649 Super
425 2578 637 2633 'Oceani
675 2583 864 2650 stagna
903 2579 1011 2632 alta
1048 2580 1215 2648 patris
1751 2593 1836 2632 335

292 2668 575 2721 Terrarum
615 2669 853 2720 anfracta
890 2667 1134 2720 renisam.

186 2769 305 2813 Non.
340 2774 446 2825 193,
473 2774 495 2813 1
541 2769 891 2813 ‘anfractum
922 2795 978 2801 —
1011 2794 1067 2800 —-
1098 2770 1263 2812 neutro
1302 2753 1470 2811 Accius
1516 2767 1750 2825 Eurysace

71 2827 130 2884 [1.
155 2828 245 2886 ·2].'
307 2828 455 2872 Varro
489 2829 546 2873 de
577 2828 607 2872 1.
639 2828 670 2871 1.
695 2828 782 2871 VH
807 2832 860 2871 15
885 2828 946 2873 M.
1011 2827 1164 2883 ‘quod
1203 2829 1294 2872 est:
1333 2829 1615 2870 terrarum
1653 2841 1751 2871 an-

71 2885 260 2931 fracta
298 2886 565 2944 renisam,
614 2887 877 2931 anfractum
917 2889 988 2930 est
1024 2886 1214 2942 flexum,
1255 2885 1315 2929 ab
1356 2885 1534 2942 origine
1574 2885 1751 2943 duplici
