2010 3146
782 98 874 144 CN.
905 98 1172 143 NAEVIVS
1740 95 1808 148 15

899 239 1043 286 XXII

132 328 246 381 Iam
285 327 413 380 solis
453 328 602 379 aestu
641 324 837 377 candor
875 341 997 375 oum
1034 323 1350 391 liquesceret

130 487 161 531 fl
247 428 366 472 Non.
416 431 526 484 334,
569 431 623 470 32
682 423 992 480 ‘liquidum
1044 437 1226 466 rursum
1280 421 1515 479 significat
1566 419 1708 465 molle
1762 421 1809 464 et

162 502 305 531 uxum
331 523 339 532 .
360 523 368 531 .
391 524 398 532 .

250 574 377 619 calor
408 575 454 618 B
546 587 650 617 cum
680 573 745 617 ed.
782 576 896 616 1480
929 571 1004 615 oui
1036 589 1070 615 ω

881 696 1051 744 XXIII

131 784 263 837 Late
301 784 565 855 longeque
603 782 866 834 transtros
903 783 1115 833 nostros
1154 779 1359 832 feruere

248 885 367 929 Non.
402 887 508 940 503,
536 887 590 927 19
641 882 718 926 ‘ab
766 895 820 926 eo
867 881 992 937 quod
1040 883 1111 925 est
1148 880 1311 936 seruit,
1357 878 1573 924 breuiato
1614 881 1809 924 accentu

133 944 157 987 f
162 956 356 988 eruere
387 941 517 1000 facit,
549 943 603 986 ut
634 940 812 998 spernit
844 953 1058 997 spernere
1085 976 1123 985 ..
1145 941 1172 984 .’

248 1033 475 1076 transtros
506 1031 711 1088 nostros]
743 1031 873 1073 trans
904 1031 1088 1073 nostros
1114 1046 1148 1073 ω
1180 1028 1381 1071 Thraces
1405 1028 1588 1071 nostros
1613 1027 1810 1072 Bothius

893 1153 1057 1202 XXIV

131 1240 244 1294 Vos
285 1240 378 1309 qui
417 1239 602 1292 astatis
642 1238 898 1291 obstinati
925 1280 1157 1291 .......

248 1341 412 1384 Festus
435 1355 481 1397 p.
508 1344 592 1384 193
616 1339 678 1384 M.
714 1338 1059 1395 ‘obstinato,
1093 1338 1352 1394 obfirmato,
1383 1337 1728 1395 perseueranti.
1749 1374 1757 1382 .
1778 1338 1807 1381 .’

470 1493 745 1543 INOERTI
782 1483 1063 1541 NOMINIS
1102 1491 1468 1550 RELIQVIAE

248 1592 318 1635 Ex
348 1589 539 1635 incertis
572 1589 806 1646 quaedam
834 1588 974 1633 licere
1008 1588 1152 1632 etiam
1181 1587 1449 1632 comoediae
1474 1587 1678 1632 adscribi
1703 1602 1808 1632 oon-

132 1652 406 1695 sentaneum
437 1649 510 1707 (of.
544 1649 636 1693 Leo
668 1648 820 1693 Plaut.
853 1647 1039 1692 Forseh.
1073 1651 1159 1705 83).

956 1773 982 1820 I

132 1858 272 1911 Male
311 1861 466 1927 parta
502 1858 640 1910 male
681 1834 1004 1910 dilabuntur.

249 1958 387 2003 Pauli
418 1958 582 2003 Festus
613 1973 658 2015 p.
684 1958 847 2003 222M.
907 1959 1130 2015 ‘partus
1163 1959 1211 2002 et
1240 1972 1324 2015 pro
1355 1957 1591 2002 nascendo
1621 1956 1812 2014 ponitur

132 2020 179 2062 et
208 2032 292 2075 pro
323 2020 504 2074 parato.
511 2018 523 2039 ’
574 2016 732 2062 Cicero
756 2016 943 2062 Phi1.II
968 2022 1038 2074 27,
1068 2022 1123 2061 66
1160 2018 1262 2061 ‘sed
1292 2019 1346 2061 ut
1378 2019 1449 2061 est
1474 2017 1599 2074 apud
1621 2018 1812 2073 poetam

132 2076 290 2121 nescio
323 2090 495 2132 quem.
517 2077 575 2120 ..’
621 2076 914 2120 Pseudoaoro
955 2075 1017 2120 ad
1052 2075 1160 2120 Hor.
1202 2090 1339 2121 carm
1372 2076 1437 2119 HI
1470 2081 1547 2132 24,
1574 2081 1627 2120 61
1672 2076 1810 2131 ‘quae

1842 1250 1896 1288 50

132 2150 216 2193 per
248 2136 398 2180 scelus
431 2134 741 2191 adquiruntur
772 2134 1078 2192 congreganti
1108 2134 1228 2178 nihil
1257 2137 1473 2192 prosunt,
1507 2135 1618 2178 dum
1646 2133 1812 2178 relicta
1868 2159 1870 2161 >

134 2195 341 2252 indignis
381 2194 630 2239 heredibus
669 2207 752 2250 per
790 2193 1024 2238 luxuriam
1062 2195 1416 2251 consumuntur,
1463 2195 1536 2239 ut:
1583 2193 1727 2237 male
1764 2208 1810 2249 p.

132 2269 192 2299 m.
226 2254 288 2299 d.’
357 2253 412 2298 ef.
446 2253 605 2297 Plauti
635 2253 774 2298 Poen.
801 2257 900 2297 834.

134 2417 281 2471 Mare
320 2417 645 2470 interbibere
943 2348 995 2396 Π

136 2576 236 2621 anti
252 2517 457 2620 Igiid'orus
484 2517 607 2575 Orig.
633 2518 676 2563 V
700 2522 754 2562 26
790 2517 1200 2575 ‘praepositionem
1229 2518 1383 2564 inter
1411 2533 1496 2576 pro
1528 2532 1552 2563 e
1574 2517 1814 2576 ponebant

239 2592 270 2633 q
323 2614 331 2623 ·
935 2643 1013 2692 ΙΠ

137 2725 310 2779 Dubii
344 2726 615 2780 fauentem
652 2728 748 2796 per
785 2727 983 2780 fretum
1021 2727 1163 2781 intro
1205 2727 1479 2780 currimus

254 2826 374 2872 Non.
409 2831 508 2885 205,
535 2832 590 2872 27
626 2827 858 2873 ‘fretum
885 2827 1331 2874 mmasoulini...’

254 2914 512 2960 sementem
547 2916 719 2962 Onions
