1980 3146
797 78 847 133 Q.
879 78 1104 124 ENNIVS
1721 79 1789 132 67

886 277 1012 326 VIII

749 379 756 390 '
822 368 1080 438 Thyestes

261 457 468 528 Nolite,
506 458 770 528 hospites,
808 458 875 510 ad
910 475 995 509 me
1034 456 1200 509 adire:
1240 456 1363 509 ih'oo
1401 457 1515 509 isti:

261 546 344 600 Ne
384 547 632 618 contagio
671 564 789 599 mea
825 545 982 598 bom's
1021 545 1279 597 umbraue
1318 544 1475 598 6bsit.

336 635 508 687 Tanta
545 635 628 687 uis
666 634 878 687 sceleris
915 634 974 686 in
1011 634 1232 702 corpore
1269 632 1467 686 haeret.
1792 648 1882 689 305

869 720 1027 774 Alius

117 811 379 876 Quidnam
419 812 521 882 est,
559 811 816 864 obsecro?
856 811 986 880 quid
1023 814 1077 863 te
1117 809 1253 863 adiri
1290 810 1552 864 abnutas‘?

234 927 391 973 Cicero
422 927 556 972 Tusc.
590 927 708 984 disp.
739 927 805 971 ΠΙ
830 932 898 983 12,
924 931 980 971 26
1015 925 1186 982 ‘qualis
1218 926 1342 970 enim
1372 926 1463 970 tibi
1493 926 1574 970 ille
1605 927 1794 972 uidetur

115 987 222 1046 [ino.
269 987 357 1032 ine.
401 986 496 1031 fab.
536 986 710 1045 LVH]?
769 985 895 1030 Iouis
940 985 1030 1030 iste
1076 985 1266 1042 quidem
1309 999 1553 1042 pronepos,
1615 986 1791 1031 Tamne

115 1060 224 1103 ergo
260 1045 470 1090 abiectus
501 1047 692 1101 tamque
722 1045 928 1090 fractus?
987 1044 1169 1100 Nolite,
1208 1044 1365 1100 inquit
1395 1046 1564 1111 [1—3].
1626 1046 1696 1089 Tu
1727 1049 1789 1101 te,

114 1105 333 1162 Thyesta,
358 1104 604 1149 damnabis
630 1104 910 1160 orbabisque
933 1104 1038 1148 luce
1059 1106 1250 1161 propter
1271 1104 1370 1147 uim
1394 1103 1579 1148 scelerls
1597 1104 1740 1149 alieni
1749 1106 1786 1150 ‘.>'

114 1165 244 1208 Idem
275 1164 332 1208 de
364 1166 480 1208 orat.
503 1164 569 1208 ΙΠ
591 1169 663 1219 41,
691 1168 775 1208 164
809 1163 935 1208 ‘nolo
967 1176 1067 1207 esse
1098 1163 1293 1207 uerbum
1324 1163 1567 1220 angustius
1591 1164 1642 1207 id
1664 1165 1791 1220 quod

114 1223 395 1268 translatum
441 1222 524 1279 sit,
572 1237 714 1279 quam
757 1222 926 1267 fuisset
969 1222 1090 1266 illud
1134 1222 1373 1279 proprium
1412 1236 1467 1267 ac
1513 1237 1666 1268 suum:
1708 1224 1787 1282 [4].

114 1282 279 1327 melius
326 1284 449 1327 esset
495 1285 628 1327 uetas
670 1281 890 1339 prohibes
929 1281 1181 1327 absterres:
1229 1281 1451 1338 quoniam
1487 1281 1570 1326 ille
1608 1281 1791 1327 dixerat

114 1341 255 1386 ilico
283 1378 349 1386 ...
377 1341 563 1386 obsit.’

234 1450 256 1488 1
274 1459 364 1502 sqq.
397 1446 605 1490 baccheos
634 1445 818 1502 aynovit
846 1445 1083 1488 Bentleius
1178 1442 1259 1487 isti
1289 1444 1410 1489 Pith.
1443 1444 1629 1489 Monac.
1659 1444 1787 1490 Tusc.

113 1503 220 1548 istie
243 1514 281 1561 ψ
313 1503 452 1548 istinc
476 1504 813 1561 Wesenberyius
902 1507 928 1546 3
954 1504 1240 1548 bacchiaeum
1261 1517 1438 1547 versum
1458 1505 1638 1560 explent
1655 1518 1789 1561 prae-

113 1565 246 1608 misso
276 1576 379 1607 meo
411 1563 667 1618 Remmius,
709 1561 842 1606 stetis
874 1562 1220 1606 Lachmwmnus:
1253 1563 1465 1607 creticum
1495 1564 1600 1607 olim
1629 1564 1790 1608 addito

117 1624 170 1666 iu
199 1623 288 1677 flue
318 1634 422 1665 meo
449 1622 588 1677 effeci,
619 1622 696 1665 sed
717 1622 775 1676 cf.
798 1622 948 1666 coroll.
972 1620 1240 1678 XXXHIsq.
1331 1625 1360 1663 4
1391 1620 1511 1665 adiri
1534 1623 1619 1678 (vel
1641 1621 1788 1679 abire)

116 1681 315 1725 abnutas
339 1698 395 1725 co:
429 1682 607 1725 baeehei
642 1681 852 1725 clausula
881 1681 1079 1725 iambica
1101 1681 1407 1736 excipiwntur.
1441 1679 1642 1724 abnutas
1667 1680 1788 1725 adiri

112 1742 378 1797 scripseram
409 1738 531 1783 adiri
561 1741 751 1783 tenutas
782 1740 1018 1784 Bentleius
1048 1738 1220 1782 adirier
1250 1738 1450 1783 abnutas
1483 1740 1712 1785 Vahlenus

912 1871 983 1918 IX

114 1962 235 2015 Heli
265 1962 391 2031 hen,
438 1980 555 2014 mea
591 1961 850 2031 Fortuna,
886 1965 949 2015 ut
988 1963 1167 2015 omnia
1203 1961 1262 2015 in
1298 1980 1383 2014 me
1422 1962 1788 2034 conglomeras

1169 2051 1330 2103 mala!

229 2166 348 2209 Non.
390 2170 467 2222 90,
503 2169 556 2209 15
613 2165 1084 2223 ‘conglomerare‚
1145 2166 1406 2223 inuoluere,
1461 2166 1783 2223 superaddere.

113 2224 301 2340 ffffluff)
329 2224 497 2268 Tithe
524 2259 534 2268 .
562 2261 570 2268 .
599 2224 628 2268 .’
693 2224 905 2281 (thyete
934 2224 1096 2270 Vrbin.
1123 2231 1208 2270 307
1249 2225 1494 2282 Thyeste
1526 2227 1635 2270 ante
1665 2226 1785 2270 Mer-

230 2387 320 2430 heu
365 2387 456 2430 heu
494 2387 676 2432 Vossius
720 2385 811 2429 heu
850 2387 1004 2432 Vrbin.
1053 2400 1109 2430 eu
1155 2404 1190 2444 φ
1238 2387 1354 2431 eheu
1400 2388 1726 2433 Lachmaunus

113 2446 342 2503 glomeras
375 2447 439 2491 W

927 2570 971 2616 X

233 2680 260 2714 e
300 2662 404 2731 qua
441 2661 575 2714 mihi
612 2660 841 2713 maxime
879 2660 1037 2713 hodie
1075 2660 1163 2713 hio
1202 2660 1488 2731 eontigerit
1525 2661 1739 2713 malum.
1781 2713 1786 2717 .

232 2777 350 2821 Non.
377 2781 476 2833 268,
496 2782 550 2821 12
578 2775 959 2832 ‘contingere‚
985 2775 1196 2821 euenire.
1218 2811 1226 2820 .
1248 2774 1449 2819 ‚Ennius
1474 2775 1778 2832 Tyeste...’

233 2892 257 2922 e
289 2892 380 2935 qua
412 2879 514 2924 Rue
545 2893 685 2935 quam
715 2895 749 2921 ω
839 2877 914 2921 hic
945 2878 1084 2923 hodie
1116 2895 1150 2922 ω

1460 2952 1516 2996 5*
