2020 3140
184 71 291 122 328
877 68 926 113 L.
958 40 1170 114 Accws

186 201 262 246 dic
296 203 486 248 Grotius
515 201 588 244 uis
621 203 804 246 Vossius
834 207 876 246 et
906 201 1203 246 Hei-marmus
1291 201 1374 245 ubi
1401 201 1588 249 Grotius
1617 203 1708 248 tibi
1732 222 1767 248 ω
1797 204 1867 249 ibi

185 263 384 307 Bothius
421 267 463 306 et
500 261 799 305 Hermotimus
918 262 991 304 est
1027 259 1111 304 ubi
1139 260 1433 317 perduellum
1463 262 1648 307 Vossius
1763 272 1867 320 per-¹

187 319 413 364 duellium
444 320 742 365 Hei-manuus
845 333 1066 374 quorsum
1096 319 1293 364 Bothiass
1322 334 1516 375 quorum
1548 338 1584 365 ω
1695 322 1861 378 quibus

187 393 235 423 se
275 393 304 423 a
335 396 391 423 m:
431 393 496 423 an
532 379 585 423 in
620 379 717 424 illis
755 391 804 422 se
843 392 872 422 a
909 379 1019 423 latet
1057 384 1143 423 ex?
1263 379 1476 424 Senam-ios
1509 380 1863 428 OFWMuener

187 452 366 482 summa
388 452 421 482 e.
448 452 486 495 q.
512 451 546 482 s.
578 439 763 483 metitur
791 437 1084 494 pei-duellum
1114 451 1215 482 voce
1245 440 1307 483 ad
1334 444 1426 484 tres
1455 440 1654 497 syllabas
1682 443 1863 489 redacta

1005 577 1050 623 X

186 660 393 725 Quibus
442 652 555 712 rein
609 679 872 713 summam
925 663 979 712 et
1030 660 1261 730 patriam
1314 665 1552 715 nostram
1600 664 1862 733 qu6ndam

1247 750 1553 805 adauctaui‘t
1588 756 1753 821 pater.

302 850 422 894 Non.
458 854 527 907 75,
554 855 576 893 1
613 850 1004 907 ‘adauctauit,
1037 851 1179 895 auxit.
1243 851 1412 895 Accius
1442 852 1675 896 Aeneadis
1702 853 1786 897 ...’

305 940 510 982 uestram
542 939 696 984 Vrbin.

994 1005 1071 1052 XI·

100 1102 155 1141 15
185 1088 368 1141 Patrio
419 1089 661 1158 exemplo
713 1092 766 1141 et
814 1091 900 1142 me
947 1089 1134 1142 dicabo
1182 1092 1343 1159 atque
1390 1091 1620 1143 animam
1667 1090 1864 1144 deuoro

863 1175 866 1177 ’
1247 1177 1509 1232 h6stibus.

185 1338 226 1381 A
310 1279 429 1381 Ngn.
470 1282 547 1359 98’,
573 1267 641 1321 Ι11
710 1279 724 1300 ‘
739 1279 851 1323 deu
866 1293 1062 1336 orare,
1119 1280 1382 1337 absumere,
1438 1280 1624 1337 eripere.
1695 1280 1865 1325 Accius

230 1351 347 1382 enea
381 1353 420 1381 is

305 1427 476 1470 deuoro
509 1444 558 1482 ω,
591 1429 710 1484 quod
738 1433 854 1472 recte
883 1427 1116 1472 deuouere
1147 1429 1472 1486 interpretatus
1500 1434 1564 1473 est
1594 1429 1696 1473 Bue

983 1568 1081 1615 XII
1167 1608 1170 1612 .

190 1649 375 1703 Castra
404 1650 534 1703 haec
565 1655 742 1704 uesfira
773 1655 873 1705 est:
913 1653 1130 1721 6ptu1ne
1163 1652 1292 1704 essis
1321 1652 1544 1704 meritus
1576 1671 1606 1704 a
1635 1651 1793 1705 nobis
1817 1695 1828 1705 .
1857 1696 1867 1705 .

303 1752 422 1796 Non.
448 1757 548 1809 200,
573 1756 630 1796 30
657 1753 875 1796 ‘castra
898 1752 1081 1810 generis
1106 1755 1215 1797 sunt
1235 1752 1404 1798 neutri.
1443 1752 1675 1796 Feminini
1698 1737 1867 1797 Accius

186 1811 420 1856 Aeneadis
454 1813 536 1855 aut
565 1811 709 1855 Decio
737 1813 823 1856 ...’

304 1901 512 1943 uesbrum
551 1902 624 1943 est
660 1902 935 1945 conieceram
1062 1899 1176 1944 essis
1215 1917 1271 1945 ωε
1311 1901 1368 1955 cf.
1412 1900 1519 1944 CIL
1549 1900 1570 1943 I
1602 1904 1709 1958 198,
1735 1905 1775 1946 3.
1809 1905 1867 1944 63

188 1958 408 2003 adessint.
434 1957 567 2002 escis
599 1959 796 2004 Bothius
833 1962 905 2003 est
942 1958 982 2002 is
1015 1960 1199 2004 Vossius
1237 1958 1349 2002 estis
1381 1959 1679 2004 Hermaunus
1718 1973 1766 2003 es
1799 1959 1867 2003 sic

187 2020 301 2063 coni.
334 2018 438 2062 Bue
555 2017 712 2061 meriti
750 2017 801 2061 id
840 2033 868 2062 a
905 2017 1041 2062 nobis
1073 2019 1371 2063 Hei-manuus
1407 2017 1600 2062 meritus
1641 2019 1699 2062 de
1729 2018 1868 2062 nobis

195 2078 380 2122 Vossius
470 2076 598 2121 Fort.
630 2076 745 2120 Deci
775 2079 994 2123 conclusit
1023 2092 1217 2123 versum:
1251 2078 1306 2132 cf.
1339 2078 1441 2122 hist.
1473 2084 1588 2136 tray.
1614 2082 1700 2122 598

892 2231 1153 2279 BRVTVS

306 2327 372 2372 Cf.
408 2327 566 2371 Cicero
601 2328 661 2371 ad
692 2326 903 2371 Atticum
926 2327 1035 2372 XVI
1057 2333 1097 2372 2.

1014 2423 1040 2470 I

864 2506 1186 2574 Tarquinius

187 2593 449 2656 Quoniam
489 2593 658 2662 quieti
698 2595 889 2662 c6rpus
925 2596 1189 2646 nocturno
1228 2593 1434 2663 impetu

184 2680 328 2733 Dedi
362 2699 552 2750 sopore
590 2682 806 2750 placans
845 2685 992 2733 artus
1030 2682 1334 2752 languidos:

186 2768 377 2821 Visum
415 2771 497 2821 est
535 2770 591 2821 in
630 2770 830 2822 somnis
867 2770 1135 2838 paskorem
1174 2770 1240 2822 ad
1277 2788 1361 2838 me
1401 2768 1662 2837 adpellere

101 2870 158 2909 20
189 2855 357 2908 Peciis
394 2857 694 2926 lanigerum
733 2858 928 2909 eximia
964 2857 1381 2926 pulchritudine,
