2020 3140
185 110 294 163 294
472 111 553 154 ΕΧ
582 110 858 155 INCERTIS
891 109 1290 155 INCERTORVM
1319 108 1571 154 FABVLIS

918 249 1130 297 LXVIII

185 374 935 387 ...........
999 352 1132 402 quae
1171 333 1364 386 mulier
1400 351 1507 385 una

181 422 434 491 'Vsurpat
473 421 668 490 duplex
707 422 882 474 cubile

297 522 680 566 LXVIII—LXX
719 522 877 567 Cicero
920 523 980 566 ad
1018 523 1126 567 fam.
1159 523 1223 566 IX
1247 527 1301 566 22
1349 521 1530 579 ‘placet
1569 521 1735 566 Stoicis
1775 537 1856 567 suo

181 594 411 637 quamque
456 595 555 625 rem
598 581 786 625 nomine
834 582 1084 639 appellare.
1149 581 1215 626 sic
1261 581 1386 625 enim
1431 580 1683 636 disserunt,
1737 581 1858 624 nihil

180 654 279 684 esse
326 641 595 697 obscenum,
649 640 769 684 nihil
813 643 949 697 turpe
997 641 1126 685 dictu
1161 678 1168 685 .
1198 677 1205 685 .
1237 677 1246 686 .
1278 641 1439 696 itaque
1484 654 1579 684 non
1623 641 1761 684 modo
1807 640 1857 684 in

179 699 431 744 comoediis
469 713 541 743 res
573 699 677 756 ipsa
707 702 957 744 narratur.
1009 701 1126 746 ,sed
1157 700 1302 744 etiam
1332 699 1382 742 in
1412 699 1681 756 timagoediis
1744 699 1858 755 quid.

179 761 250 803 est
273 757 398 802 enim
419 758 570 804 illud?
594 773 736 815 quae
759 758 963 803 mulier
985 774 1117 815 una3
1137 759 1269 816 quid,
1294 759 1499 815 inquam,
1525 760 1596 802 est
1617 761 1858 815 usurpat

178 818 220 862 d.
255 832 291 862 c
325 817 440 873 quid
464 817 676 876 [LXIX]?
709 818 822 874 quid
854 820 925 862 est
949 818 1140 877 [LXX]‘?
1171 819 1290 862 bene
1320 818 1534 862 uiolat:
1568 817 1700 874 atqui
1730 817 1857 862 idem

177 875 431 934 significat:
472 877 554 921 sed
585 877 785 921 alterum
814 891 950 921 nemo
981 877 1200 922 tulisset.’
1263 877 1478 922 Electrae
1509 876 1559 920 in
1589 876 1720 920 Accii
1752 876 1857 921 Clu-

174 937 399 980 temestra
428 938 626 980 matrem
658 935 950 993 obiurgantis
981 936 1127 980 uerba
1156 936 1320 980 haberi
1349 938 1547 993 possunt
1575 935 1629 980 fr.
1656 936 1855 980 LXVIII.

175 994 408 1052 Antiopae
453 995 748 1039 Pacuvianae
795 995 941 1039 tribui
985 995 1039 1041 fr.
1071 995 1206 1041 LXX.
1268 996 1336 1040 De
1378 995 1432 1040 fr.
1465 995 1610 1038 LXIX
1648 994 1704 1040 cf.
1745 994 1854 1039 hist.

174 1056 292 1110 trag.
326 1059 424 1098 527.

295 1147 317 1186 1
352 1142 607 1199 Adsumpto
638 1143 771 1188 Accii
799 1157 839 1188 v.
866 1147 951 1187 656
990 1157 1085 1187 una
1124 1143 1267 1186 duum
1303 1142 1456 1186 uirum
1494 1143 1739 1201 Berykius‚
1779 1144 1857 1188 sed

175 1202 232 1257 cf.
266 1203 415 1247 coroll.
447 1216 553 1247 com.
588 1201 815 1246 CXXVIII
904 1208 929 1246 2
962 1205 1157 1259 usurpat
1185 1203 1321 1247 Harl.
1348 1203 1449 1247 Pal.
1482 1203 1705 1259 usurpato
1730 1203 1851 1247 Med.

262 1275 356 1304 una
386 1263 633 1318 usurpauit
665 1261 837 1318 duplex
869 1261 1032 1306 Cubsse
1063 1263 1179 1307 coni.
1212 1262 1315 1305 Bue

938 1400 1098 1448 LXIX

615 1558 618 1561 Ι
969 1484 1151 1554 husus,
1187 1483 1382 1553 Phere,

89 1584 173 1623 130
189 1573 294 1627 Hi‘c
333 1573 507 1627 cubile
545 1573 681 1626 inire
721 1577 802 1627 est
840 1592 1014 1626 ausus,

175 1735 232 1779 Η
286 1681 314 1779 Z1
347 1674 463 1780 flerpi
494 1675 634 1732 Med„
660 1677 790 1732 prob.
816 1675 920 1720 Bue
951 1676 1004 1720 de
1028 1674 1167 1719 Atreo
1197 1679 1240 1718 et
1271 1675 1459 1732 Thyeste
1489 1675 1702 1732 coqitans.
1735 1673 1854 1718 feret

228 1751 283 1780 ar
305 1771 313 1779 .
390 1750 420 1780 a
439 1770 449 1779 .

945 1814 1079 1861 LXX

170 1898 452 1970 Virginem
482 1916 567 1950 me
601 1898 868 1967 quondam
900 1898 1128 1950 inuitam
1151 1899 1247 1966 per
1269 1897 1382 1949 uim
1404 1897 1575 1950 uiolat
1598 1895 1853 1966 Iuppiter.

931 2050 1090 2097 LXXI

170 2122 364 2187 'Erebo
405 2134 755 2203 <pro>creata
791 2133 954 2186 fuscis
994 2132 1231 2185 crinibus
1270 2132 1419 2203 Nox,
1457 2136 1511 2185 te
1548 2132 1757 2185 inuoco,

288 2234 425 2278 Pauli
455 2234 619 2278 Festus
650 2250 694 2291 p.
722 2239 777 2278 83
802 2235 863 2279 M.
930 2233 1193 2277 ‘Erebum
1223 2233 1457 2291 Vergilius
1496 2233 1731 2277 interdum
1770 2234 1850 2278 ob-

173 2293 443 2337 scuritatem
473 2294 710 2349 quandam
741 2307 841 2337 esse
873 2292 1096 2336 describit
1129 2293 1254 2349 apud
1283 2292 1455 2336 inferos
1482 2328 1490 2335 .
1513 2330 1520 2336 .
1543 2293 1715 2337 .Varro
1740 2307 1850 2337 uero

171 2352 321 2396 Erebo
351 2354 515 2396 natam
544 2353 743 2396 Noctem
773 2352 854 2396 ait.
916 2352 1039 2395 unde
1072 2354 1143 2395 est
1175 2354 1223 2396 et
1252 2351 1392 2396 illud:
1424 2352 1632 2395 Erebo’
1669 2365 1705 2396 e.
1739 2367 1780 2407 q.
1815 2367 1849 2395 s.

172 2411 374 2455 Possunt
404 2425 460 2455 ex
482 2411 817 2455 Eumenidibus
841 2410 981 2454 Ennii
1012 2412 1198 2467 sumpta
1229 2423 1349 2455 esse:
1383 2410 1438 2454 cf.
1470 2410 1579 2455 hist.
1605 2412 1723 2467 trag.
1752 2415 1849 2455 147.

172 2559 220 2602 B
267 2501 534 2603 hprocreata
578 2501 742 2556 scripsi
789 2501 946 2543 creata
985 2516 1019 2542 ω
1062 2501 1131 2555 te,
1178 2500 1356 2554 creata,
1403 2500 1563 2543 omisso
1595 2504 1752 2555 postea
1789 2500 1850 2553 te,

223 2565 267 2605 ot
297 2561 369 2604 ius

925 2638 1109 2686 LXXII
1134 2650 1137 2652 ’

194 2721 410 2774 Caelum
448 2723 726 2790 nitescere,
766 2722 982 2774 arbores
1020 2721 1373 2790 frondescere,

190 2808 343 2862 Vites
381 2811 639 2862 laetificae
677 2810 943 2879 pampinis
980 2809 1291 2878 pubescere,

93 2895 353 2950 135Ram1‘
385 2898 636 2950 bacarum
673 2898 916 2950 ubertate
955 2881 1340 2963 incuruescere,
