1980 3146
134 123 206 177 60
822 122 872 176 Q.
905 122 1131 167 ENNIVS

934 262 1012 310 ΠΙ

133 347 263 401 Plus
308 347 469 399 miser
512 346 637 416 sim,
682 345 733 399 si
768 347 1050 399 scelestum
1087 347 1255 400 faxim
1294 349 1438 418 quod
1476 349 1647 403 dicam
1684 349 1818 403 iore.

251 463 369 506 Non.
404 465 504 518 507,
530 466 585 506 22
621 461 842 520 ‘faxim,
874 461 1076 509 fecerim.
1139 463 1322 509 Ennius
1349 465 1546 510 Foenice
1573 500 1582 510 .
1609 501 1620 510 .
1646 466 1674 510 .’

255 565 341 609 sim
371 565 533 610 Delrio
565 579 666 608 sum
697 583 732 609 ω
825 565 1072 610 scelestum
1102 569 1169 613 ed.
1194 583 1269 626 pr.
1303 568 1538 613 scelestim
1569 586 1603 613 ω

938 691 1012 740 IV

138 817 149 829 .
184 819 194 828 .
228 818 239 828 .
273 819 284 829 .
323 776 489 846 (nec)
527 779 588 828 tu
625 776 866 828 melsuisti
905 776 1153 830 credere?
1193 808 1262 814 —

138 864 324 934 Tuque
363 866 604 917 exercere
642 864 907 935 linguam,
944 868 1007 918 ut
1044 866 1344 937 argutarier
1432 897 1477 922 ,e
1507 920 1509 923 ,

136 952 354 1006 Possis?

262 1069 381 1113 Non.
423 1073 529 1125 245,
563 1073 619 1113 25
677 1069 965 1127 ‘argutari
1020 1069 1191 1114 dicitur
1242 1069 1535 1127 loquacium,
1588 1070 1820 1127 proloqui.

138 1128 316 1173 Ennius
348 1127 623 1184 quoenice
661 1130 777 1172 tum
807 1131 860 1172 tu
891 1128 973 1173 isti
1004 1130 1190 1174 credere
1222 1131 1363 1185 atque
1396 1143 1555 1174 exerce
1586 1130 1817 1187 linguam’

140 1202 177 1232 e.
211 1203 253 1244 q.
288 1203 321 1232 S.
385 1187 706 1243 (Phoenice:
738 1190 855 1232 tum
885 1188 1150 1246 Mercerus.)

259 1296 282 1335 1
314 1293 368 1335 tu
405 1290 617 1335 metuisizi
655 1293 826 1337 conieci
863 1294 1013 1338 coroll.
1044 1292 1194 1335 XXXI
1226 1294 1350 1349 (olim
1387 1292 1603 1349 potuisti)
1634 1294 1736 1336 tum
1766 1295 1821 1336 tu

139 1349 220 1394 isti
260 1368 294 1394 ω
337 1352 492 1394 tutum
529 1349 611 1394 isti
648 1351 847 1396 Bothius
965 1351 1100 1395 crede
1135 1352 1243 1396 GH
1246 1352 1290 1395 L
1410 1357 1435 1395 2
1475 1354 1620 1408 tuque
1658 1353 1821 1409 scripsi

142 1412 281 1465 atque
313 1426 348 1453 ω
492 1422 704 1454 exercere
744 1411 904 1456 Vrbin.
937 1414 1023 1455 308
1056 1423 1215 1462 exerce
1247 1428 1283 1468 φ
1428 1410 1640 1468 linguam
1670 1412 1817 1456 Basil.

140 1469 343 1526 Montep.
386 1467 551 1526 lingua
581 1478 617 1525 ψ
730 1471 832 1513 tum
862 1471 915 1513 tu
946 1469 1029 1514 isti
1059 1470 1244 1514 credere
1272 1472 1278 1528 Ι
1304 1469 1453 1514 nolito
1486 1472 1627 1526 atque
1659 1483 1820 1514 exerce

140 1527 170 1572 l.
202 1530 256 1571 ut
290 1527 442 1585 possis
482 1527 744 1585 argutarier
773 1543 806 1573 x
842 1530 944 1573 tum
978 1531 1031 1573 tu
1060 1528 1142 1573 isti
1174 1529 1454 1586 congredere
1486 1531 1627 1586 atque
1660 1542 1823 1573 exerce

139 1586 170 1631 l.
203 1589 256 1631 ut
288 1602 327 1632 a.
360 1586 516 1632 Possis
549 1587 652 1632 Bue

960 1668 1008 1715 V

56 1772 139 1814 265
158 1752 328 1815 Quam
366 1753 469 1805 tibi
508 1771 573 1806 ex
613 1771 703 1806 ore
743 1754 1039 1807 orationem
1080 1753 1282 1807 duriter
1321 1753 1477 1807 dictis
1516 1753 1680 1806 dedit!

258 1869 377 1912 Non.
410 1873 517 1924 512,
551 1873 577 1912 8
621 1868 868 1912 ‘duriter
905 1882 989 1925 pro
1030 1869 1142 1913 dure
1169 1906 1178 1913 .
1206 1905 1214 1914 .
1242 1905 1251 1914 .
1276 1869 1453 1912 Ennius
1489 1868 1688 1912 Foenice
1715 1904 1723 1912 .
1751 1904 1760 1912 .
1789 1867 1818 1912 .’

144 1927 212 1983 (In
243 1927 405 1971 Bamb.
445 1927 566 1970 nihil
605 1930 736 1972 extat
764 1929 952 1984 praeter
984 1928 1100 1972 duas
1131 1941 1269 1972 voces
1301 1930 1550 1985 extremas)
1582 1926 1821 1971 Charisius

142 2002 186 2043 p.
215 1990 298 2030 178
321 1987 371 2032 Ρ.
409 1986 667 2031 ‘dur-iter.
713 1986 958 2031 Terentius
989 1987 1039 2030 in
1069 1987 1295 2044 Adelphis
1323 2024 1331 2032 .
1359 2024 1367 2032 .
1395 2023 1405 2032 .
1430 1986 1513 2030 ubi
1543 1987 1718 2030 Acron:
1751 1999 1822 2029 se-

145 2045 347 2088 cundum
377 2044 696 2102 antiquorum,
735 2045 911 2103 inquit,
952 2046 1349 2091 consuetudinem.
1411 2046 1535 2090 Nam
1565 2047 1614 2089 et
1643 2044 1821 2088 Ennius

143 2103 194 2147 in
223 2104 454 2148 Phoenice
481 2140 490 2148 .
518 2141 527 2149 .
554 2105 583 2149 .’
618 2105 872 2161 (poenice
905 2106 1023 2163 cod.)
1088 2106 1156 2162 Cf.
1188 2106 1354 2150 Plauti
1384 2106 1527 2150 Mero.
1563 2109 1647 2149 176

947 2230 1021 2278 VI

148 2312 388 2367 Saeuiter
427 2312 783 2383 suspicionem
822 2314 961 2367 ferre
999 2314 1188 2367 falsam
1225 2314 1469 2367 futtilum
1509 2316 1601 2366 est.

263 2414 381 2458 Non.
415 2419 515 2471 511,
543 2419 568 2458 5
604 2414 887 2458 ‘saeuiter
917 2428 1001 2471 pro
1034 2428 1208 2460 saeue.
1236 2452 1245 2459 .
1271 2415 1301 2461 .’

932 2540 1031 2588 VH

146 2620 237 2675 'Vt
276 2622 418 2691 quod
455 2623 656 2676 factum
696 2627 776 2676 est
813 2624 993 2678 futtile
1000 2667 1016 2694 ,
1055 2624 1219 2677 animi
1252 2624 1351 2676 u6s
1382 2623 1565 2676 feratis
1595 2621 1822 2674 fortiter.

263 2723 382 2767 Non.
417 2728 516 2779 514,
543 2728 598 2767 13
634 2723 883 2782 ‘futtile‚
915 2724 1150 2769 subtiliter.
1211 2723 1389 2768 Ennius
1419 2721 1617 2767 Foenice
1643 2758 1652 2766 .
1673 2758 1681 2766 .
1702 2723 1731 2766 .’

265 2810 401 2855 futile
432 2812 511 2855 Ba
635 2812 779 2856 animi
817 2814 1123 2858 commendavi
1159 2814 1308 2858 coroll.
1340 2811 1489 2854 XXXI
1503 2825 1564 2868 sq.
1617 2809 1755 2853 amici
1787 2826 1822 2852 ω

150 2884 178 2912 a
208 2883 281 2913 me
307 2884 438 2926 prop.
469 2871 574 2914 Bue
605 2870 774 2914 animis
803 2886 838 2916 x
947 2885 1032 2916 uos
1063 2870 1226 2915 feratis
1257 2871 1323 2916 ed.
1343 2884 1416 2927 pr.
1449 2883 1534 2913 uos
1564 2868 1758 2912 fueratis
1782 2877 1821 2925 ψ

149 2942 243 2971 non
273 2927 507 2971 fueramus
532 2929 685 2974 Palat.
717 2943 801 2973 nos
833 2929 1035 2974 feramus
1066 2932 1131 2974 ed.
1167 2933 1280 2973 1480
