1980 3146
749 95 810 139 M.
842 94 1141 140 PACVVIVS
1584 46 1607 152 ,n
1678 97 1780 149 137

99 228 247 273 iratus
278 227 429 284 furere
459 228 590 272 luctu
621 227 708 271 filii
737 227 988 273 uideretur
1050 228 1115 272 At
1144 228 1270 272 idem
1300 228 1470 273 inflexa
1502 230 1563 273 ad
1592 229 1783 274 misera-

98 287 244 332 bilem
268 301 431 332 sonum
452 301 589 332 uoce:
624 301 786 344 quom
810 289 1037 354 aetate.
1088 287 1375 333 .traditus
1398 288 1513 332 flens
1539 303 1594 332 ac
1616 289 1781 346 lugens

101 346 253 390 dicere
298 345 559 391 uidebatur.
624 346 752 413 Quae
799 346 838 390 si
883 346 965 390 ille
1011 324 1199 403 histrio,
1248 346 1419 391 cotidie
1463 362 1568 391 cum
1607 351 1780 406 ageret,

99 409 259 450 tamen
304 407 428 450 recte
473 419 610 463 agere
650 405 750 450 sine
789 405 948 450 (101016
986 420 1081 450 11011
1117 409 1324 473 poterat:
1372 405 1487 462 quid
1523 407 1782 451 Pacuuium

98 464 279 522 putatis
310 464 361 508 in
393 465 638 509 scribendo
669 464 766 508 16111
798 464 952 509 61111110
986 479 1040 509 60
1070 464 1261 509 remisso
1293 465 1468 511 fuisse?
1497 465 1622 510 Fieri
1650 466 1781 510 nullo

43 523 46 526 ’
98 524 237 568 1110ᾶο
281 523 471 580 potuit?
532 523 714 568 Ibidem
744 524 810 567 III
841 529 918 581 58,
952 528 1037 567 217
1087 523 1243 567 ‘aliud
1291 524 1415 568 enim
1459 524 1588 569 uocis
1635 539 1781 583 genus

98 582 343 627 iracundia
383 583 473 627 sibi
514 582 674 640 sumit,
717 585 926 639 acutum,
965 581 1235 640 incitatum,
1277 584 1436 627 crebro
1474 583 1686 628 incidens
1711 620 1721 630 .
1741 621 1750 630 .
1771 621 1780 630 .

100 644 148 686 61
187 656 243 686 66
273 656 393 698 quae
423 645 475 686 tu
508 642 703 698 dudum,
737 641 934 697 Antoni,
964 641 1226 699 protulisti:
1260 656 1565 700 segregare
1598 644 1696 688 abs
1726 646 1781 688 te

101 703 303 745 ausus.’

224 795 247 833 1
283 804 422 833 6118118
452 791 588 847 vulyo
707 788 991 833 Salaminem
1020 789 1173 834 Laud.
1215 790 1503 834 Salaminam
1532 791 1721 849 Layom.
1753 796 1783 834 4

102 848 342 893 Salamina
372 866 408 906 φ
528 853 554 892 2
587 862 728 904 quom
759 849 862 893 Erl.
893 863 950 893 m.
976 863 1074 905 pr„
1114 849 1303 894 Abrinc.
1341 864 1445 893 cum
1475 850 1781 908 11660166ῐὶ-

101 915 227 965 quot,
264 909 382 953 Gud.
415 923 439 952 6
470 921 608 974 quem
639 924 696 964 φ,
728 909 943 964 probavit
972 908 1271 953 Hermawmls
1383 916 1408 953 3
1443 909 1641 953 extinxti
1671 909 1781 954 Ma-

99 969 258 1012 nutius
303 965 595 1011 exstincxisti
633 967 736 1012 Erl.
785 965 1027 1011 extinxisti
1065 984 1101 1024 φ
1226 973 1255 1012 4
1299 981 1451 1024 neque
1498 967 1596 1012 eius
1642 968 1780 1035 grati,

101 1028 276 1071 litterae
313 1041 337 1069 r
373 1027 654 1082 corruptelae
692 1028 822 1094 siynp
858 1039 1002 1082 supra
1038 1027 1237 1083 inposito
1266 1027 1454 1072 Abrinc.
1494 1041 1646 1094 neque
1682 1027 1781 1071 eius

101 1085 235 1129 crati
257 1086 382 1142 Erl„
421 1086 587 1130 lineola
624 1086 724 1130 voci
761 1084 859 1128 61118
889 1086 1122 1130 subducta.
1183 1099 1335 1142 neque
1366 1086 1500 1143 gnati
1531 1085 1629 1130 eius
1661 1087 1780 1131 Her-

98 1159 297 1189 marmas
398 1144 549 1188 tutela
580 1146 652 1188 est
681 1145 784 1189 Erl.
814 1144 1013 1188 tutelast
1044 1145 1180 1190 Harl.
1213 1146 1400 1191 Abrirw.
1520 1145 1782 1190 Miseritum

101 1205 172 1247 est
202 1209 401 1249 secutum
430 1218 519 1249 esse
547 1205 728 1249 videtur
758 1204 1026 1248 Hermawno

885 1358 1008 1405 XIII

916 1448 1051 1501 mihi
1091 1450 1311 1502 classem
1350 1449 1579 1519 imperat

101 1537 415 1590 Thessalum
437 1537 783 1606 nostramque
806 1537 864 1589 in
880 1537 1048 1590 altum
1064 1540 1127 1590 ut
1141 1538 1441 1608 properiter
1459 1538 1782 1591 deducerem.

217 1638 336 1741 Nsson.
372 1643 477 1718 15'5,
502 1644 530 1683 4
580 1638 890 1695 ‘properatim
929 1640 976 1682 et
1013 1638 1358 1695 properiter,
1404 1638 1633 1695 celeriter,
1677 1653 1784 1695 pro-

102 1711 252 1754 peran
276 1711 324 1741 er
348 1733 356 1741 .
377 1732 387 1742 .
407 1732 416 1742 .

224 1791 246 1829 1
284 1785 486 1843 imperat
522 1786 756 1832 Mereeras
792 1785 1014 1843 impetrat
1042 1804 1077 1830 ω
1200 1791 1225 1830 2
1259 1786 1534 1830 Thessalam
1568 1787 1633 1831 ed.
1669 1790 1783 1830 1526

190 1844 403 1889 nauitam
434 1846 591 1890 Vrbin·
623 1850 709 1890 308

882 1940 1001 1987 XIV
1063 1980 1067 1984 .

102 2031 309 2102 Rapide
347 2035 491 2084 retro
531 2032 772 2100 citr6que
809 2032 1014 2101 percito
1055 2032 1204 2083 aestu
1236 2027 1583 2100 praecipitem
1613 2035 1783 2085 ratem

100 2120 474 2190 Reciprocare‚
511 2119 789 2188 undaeque
829 2138 856 2172 6
895 2119 1113 2190 gremiis
1151 2118 1447 2171 subiectare
1487 2119 1738 2192 adfligere

220 2221 385 2264 Festus
405 2235 453 2276 p.
480 2225 566 2263 274
588 2220 650 2263 Μ.
687 2219 1071 2275 ‘reciprocare
1101 2233 1185 2276 pro
1210 2219 1333 2263 ultro
1359 2219 1568 2275 citroque
1590 2234 1782 2277 poscere

103 2279 176 2323 usi
209 2282 318 2323 sunt
349 2278 552 2334 antiqui,
585 2278 698 2333 quia
725 2291 918 2335 procare
950 2281 1022 2322 est
1049 2279 1271 2335 poscere.’
1327 2278 1500 2322 Paulus
1531 2295 1577 2336 p.
1609 2284 1694 2324 275
1718 2281 1780 2325 Μ.

107 2338 490 2394 ‘reciprocare
543 2351 627 2393 pro
680 2337 803 2380 ultro
859 2337 1068 2393 citroque
1119 2351 1310 2393 poscere
1343 2373 1352 2380 .
1382 2372 1392 2382 .
1424 2373 1432 2382 .
1466 2352 1656 2394 procare
1711 2342 1784 2383 est

103 2410 314 2454 poscere:
348 2396 493 2439 unde
526 2409 663 2451 eque
693 2395 926 2452 gremiis
959 2411 993 2440 s.
1028 2397 1087 2439 a.’

281 2500 346 2530 sze
368 2484 630 2529 Buecheler-i
646 2485 820 2539 partim
842 2485 1024 2541 inqenio
1047 2485 1235 2529 adiutus
1257 2485 1431 2540 effluxi
1478 2485 1642 2542 rapido
1666 2485 1781 2530 reci-

103 2559 244 2611 proco
273 2543 451 2601 percito
481 2544 678 2599 augusto
704 2541 848 2586 citare
875 2544 1049 2586 rectem
1072 2545 1165 2587 eod.
1190 2543 1353 2600 rapide
1375 2543 1602 2600 percitam
1626 2547 1792 2589 aestus*

106 2603 251 2648 ociter
287 2605 438 2647 ratem
468 2602 765 2646 Hermannus
801 2600 964 2657 rapido
1004 2601 1126 2645 ultro
1167 2601 1374 2669 citroque
1411 2603 1618 2660 percitae
1650 2606 1782 2647 aestu

106 2664 190 2718 (vel
224 2664 397 2719 austro)
428 2660 733 2727 praecipitem
763 2662 913 2703 ratem
942 2661 1044 2704 Bae
1164 2665 1189 2703 2
1220 2661 1507 2718 reciprocare
1536 2664 1631 2707 scil
1661 2665 1804 2708 venti.

195 2721 440 2787 undaeque
481 2734 503 2764 e
542 2719 730 2777 gremiis
772 2718 1031 2762 subiectare
1072 2719 1292 2776 adfligere
1324 2722 1620 2766 Hermawnus
1660 2721 1783 2765 unde

108 2794 225 2835 eque
256 2779 444 2837 gremiis
477 2778 738 2822 subiectare
771 2778 972 2834 adfigere
1004 2779 1096 2822 eod.
1132 2779 1259 2824 Festi
1292 2780 1414 2824 unde
1446 2794 1562 2835 eque
1593 2779 1782 2836 gremiis

108 2839 370 2882 sublectare
418 2852 472 2881 ac
518 2838 657 2894 figere
706 2838 883 2881 Paulus
927 2837 1081 2880 undae
1128 2850 1244 2893 eque
1289 2838 1477 2895 gremiis
1517 2853 1550 2882 8.
1593 2853 1632 2883 6.
1680 2840 1784 2884 Bae

107 2898 306 2941 harenas
338 2898 608 2954 intelleyens‚
640 2898 716 2940 sed
746 2898 895 2939 ratem
925 2897 1012 2940 hue
1042 2910 1213 2953 quoque
1235 2900 1435 2953 pertinet
