<?xml version="1.0" encoding="UTF-8"?>
<!DOCTYPE html PUBLIC "-//W3C//DTD XHTML 1.0 Transitional//EN"
    "http://www.w3.org/TR/xhtml1/DTD/xhtml1-transitional.dtd">
<html xmlns="http://www.w3.org/1999/xhtml" xml:lang="en" lang="en">
 <head>
  <title>
</title>
<meta http-equiv="Content-Type" content="text/html;charset=utf-8" />
  <meta name='ocr-system' content='tesseract 3.04.00' />
  <meta name='ocr-capabilities' content='ocr_page ocr_carea ocr_par ocr_line ocrx_word'/>
</head>
<body>
  <div class='ocr_page' id='page_1' title='image "./fragscaenicaeromr01ribbuoft/fragscaenicaeromr01ribbuoft_0191.png"; bbox 0 0 1980 3146; ppageno 0'>
   <div class='ocr_carea' id='block_1_1' title="bbox 805 96 1790 153">
    <p class='ocr_par' dir='ltr' id='par_1_1' title="bbox 805 96 1790 153">
     <span class='ocr_line' id='line_1_1' title="bbox 805 96 1790 153; baseline 0.013 -13"><span class='ocrx_word' id='word_1_1' title='bbox 805 97 855 141; x_wconf 92' lang='lat' dir='ltr'>L.</span> <span class='ocrx_word' id='word_1_2' title='bbox 887 96 1097 142; x_wconf 85' lang='lat' dir='ltr'>ACCIVS</span> <span class='ocrx_word' id='word_1_3' title='bbox 1686 100 1790 153; x_wconf 82' lang='lat'>179</span> 
     </span>
    </p>
   </div>
   <div class='ocr_carea' id='block_1_2' title="bbox 105 229 1790 408">
    <p class='ocr_par' dir='ltr' id='par_1_2' title="bbox 105 229 1790 408">
     <span class='ocr_line' id='line_1_2' title="bbox 107 229 1789 290; baseline 0.002 -16"><span class='ocrx_word' id='word_1_4' title='bbox 107 243 257 286; x_wconf 73' lang='lat' dir='ltr'>opusc.</span> <span class='ocrx_word' id='word_1_5' title='bbox 283 230 304 272; x_wconf 92' lang='lat' dir='ltr'>I</span> <span class='ocrx_word' id='word_1_6' title='bbox 328 234 436 274; x_wconf 87' lang='lat'>342:</span> <span class='ocrx_word' id='word_1_7' title='bbox 470 230 551 273; x_wconf 90' lang='lat' dir='ltr'>sed</span> <span class='ocrx_word' id='word_1_8' title='bbox 581 229 651 274; x_wconf 75' lang='lat' dir='ltr'>ita</span> <span class='ocrx_word' id='word_1_9' title='bbox 673 230 726 274; x_wconf 91' lang='lat' dir='ltr'>A.</span> <span class='ocrx_word' id='word_1_10' title='bbox 752 230 942 274; x_wconf 77' lang='lat' dir='ltr'>inclutis</span> <span class='ocrx_word' id='word_1_11' title='bbox 968 230 1108 274; x_wconf 82' lang='lat' dir='ltr'>armis</span> <span class='ocrx_word' id='word_1_12' title='bbox 1132 245 1176 275; x_wconf 92' lang='grc' dir='ltr'>ιι.</span> <span class='ocrx_word' id='word_1_13' title='bbox 1202 246 1235 275; x_wconf 87' lang='lat' dir='ltr'>s.</span> <span class='ocrx_word' id='word_1_14' title='bbox 1265 231 1271 290; x_wconf 86' lang='grc' dir='ltr'>Ι</span> <span class='ocrx_word' id='word_1_15' title='bbox 1299 231 1396 275; x_wconf 84' lang='lat' dir='ltr'>alia</span> <span class='ocrx_word' id='word_1_16' title='bbox 1420 234 1588 277; x_wconf 73' lang='lat' dir='ltr'>cuncta</span> <span class='ocrx_word' id='word_1_17' title='bbox 1612 233 1789 289; x_wconf 73' lang='lat' dir='ltr'>optima</span> 
     </span>
     <span class='ocr_line' id='line_1_3' title="bbox 106 288 1787 347; baseline 0.003 -16"><span class='ocrx_word' id='word_1_18' title='bbox 106 290 161 332; x_wconf 79' lang='lat' dir='ltr'>ut</span> <span class='ocrx_word' id='word_1_19' title='bbox 190 288 220 333; x_wconf 93' lang='lat'>1</span> <span class='ocrx_word' id='word_1_20' title='bbox 253 301 364 345; x_wconf 84' lang='lat' dir='ltr'>prae</span> <span class='ocrx_word' id='word_1_21' title='bbox 394 288 424 333; x_wconf 84' lang='lat' dir='ltr'>i.</span> <span class='ocrx_word' id='word_1_22' title='bbox 456 303 516 345; x_wconf 88' lang='lat' dir='ltr'>p.,</span> <span class='ocrx_word' id='word_1_23' title='bbox 548 290 653 333; x_wconf 77' lang='lat' dir='ltr'>item</span> <span class='ocrx_word' id='word_1_24' title='bbox 682 290 798 345; x_wconf 76' lang='lat' dir='ltr'>Rue,</span> <span class='ocrx_word' id='word_1_25' title='bbox 829 291 923 335; x_wconf 75' lang='lat' dir='ltr'>nisi</span> <span class='ocrx_word' id='word_1_26' title='bbox 953 292 1073 347; x_wconf 78' lang='lat' dir='ltr'>quod</span> <span class='ocrx_word' id='word_1_27' title='bbox 1102 305 1140 334; x_wconf 81' lang='lat' dir='ltr'>v.</span> <span class='ocrx_word' id='word_1_28' title='bbox 1168 295 1193 333; x_wconf 89' lang='lat'>2</span> <span class='ocrx_word' id='word_1_29' title='bbox 1224 291 1279 334; x_wconf 74' lang='lat' dir='ltr'>ut</span> <span class='ocrx_word' id='word_1_30' title='bbox 1310 304 1366 335; x_wconf 83' lang='lat' dir='ltr'>ea</span> <span class='ocrx_word' id='word_1_31' title='bbox 1397 293 1566 335; x_wconf 74' lang='lat' dir='ltr'>cuncta</span> <span class='ocrx_word' id='word_1_32' title='bbox 1597 306 1636 336; x_wconf 95' lang='lat' dir='ltr'>o.</span> <span class='ocrx_word' id='word_1_33' title='bbox 1671 306 1725 336; x_wconf 85' lang='lat' dir='ltr'>ae</span> <span class='ocrx_word' id='word_1_34' title='bbox 1756 292 1787 336; x_wconf 89' lang='lat'>1.</span> 
     </span>
     <span class='ocr_line' id='line_1_4' title="bbox 105 347 1790 408; baseline 0.002 -17"><span class='ocrx_word' id='word_1_35' title='bbox 105 362 150 404; x_wconf 91' lang='lat' dir='ltr'>p.</span> <span class='ocrx_word' id='word_1_36' title='bbox 191 347 221 392; x_wconf 90' lang='lat' dir='ltr'>i.</span> <span class='ocrx_word' id='word_1_37' title='bbox 260 363 305 404; x_wconf 91' lang='lat' dir='ltr'>p.</span> <span class='ocrx_word' id='word_1_38' title='bbox 343 349 526 404; x_wconf 73' lang='lat' dir='ltr'>retinet,</span> <span class='ocrx_word' id='word_1_39' title='bbox 547 360 624 392; x_wconf 84' lang='lat' dir='ltr'>ea</span> <span class='ocrx_word' id='word_1_40' title='bbox 657 350 916 408; x_wconf 72' lang='lat' dir='ltr'>intelleyens</span> <span class='ocrx_word' id='word_1_41' title='bbox 945 351 1196 394; x_wconf 71' lang='lat' dir='ltr'>certamina</span> <span class='ocrx_word' id='word_1_42' title='bbox 1225 364 1258 394; x_wconf 81' lang='lat' dir='ltr'>s.</span> <span class='ocrx_word' id='word_1_43' title='bbox 1293 352 1412 395; x_wconf 81' lang='lat' dir='ltr'>odia.</span> <span class='ocrx_word' id='word_1_44' title='bbox 1477 351 1602 396; x_wconf 70' lang='lat' dir='ltr'>Mihi</span> <span class='ocrx_word' id='word_1_45' title='bbox 1632 351 1790 408; x_wconf 83' lang='lat' dir='ltr'>opima</span> 
     </span>
    </p>
   </div>
   <div class='ocr_carea' id='block_1_3' title="bbox 103 407 613 452">
    <p class='ocr_par' dir='ltr' id='par_1_3' title="bbox 103 407 613 452">
     <span class='ocr_line' id='line_1_5' title="bbox 103 407 613 452; baseline 0.004 -2"><span class='ocrx_word' id='word_1_46' title='bbox 103 407 405 452; x_wconf 75' lang='lat' dir='ltr'>necessarium</span> <span class='ocrx_word' id='word_1_47' title='bbox 435 408 613 452; x_wconf 73' lang='lat' dir='ltr'>videtwr</span> 
     </span>
    </p>
   </div>
   <div class='ocr_carea' id='block_1_4' title="bbox 107 555 1748 777">
    <p class='ocr_par' dir='ltr' id='par_1_4' title="bbox 107 555 1748 777">
     <span class='ocr_line' id='line_1_6' title="bbox 107 555 1748 627; baseline 0.003 -19"><span class='ocrx_word' id='word_1_48' title='bbox 107 555 246 619; x_wconf 89' lang='lat' dir='ltr'>Quid</span> <span class='ocrx_word' id='word_1_49' title='bbox 284 561 386 627; x_wconf 79' lang='lat' dir='ltr'>est,</span> <span class='ocrx_word' id='word_1_50' title='bbox 425 560 519 609; x_wconf 80' lang='lat' dir='ltr'>eur</span> <span class='ocrx_word' id='word_1_51' title='bbox 557 575 872 626; x_wconf 82' lang='lat' dir='ltr'>componere</span> <span class='ocrx_word' id='word_1_52' title='bbox 912 559 1054 610; x_wconf 74' lang='lat' dir='ltr'>ausis</span> <span class='ocrx_word' id='word_1_53' title='bbox 1091 557 1226 610; x_wconf 85' lang='lat' dir='ltr'>mihi</span> <span class='ocrx_word' id='word_1_54' title='bbox 1264 561 1317 611; x_wconf 78' lang='lat' dir='ltr'>te</span> <span class='ocrx_word' id='word_1_55' title='bbox 1357 562 1449 611; x_wconf 72' lang='lat' dir='ltr'>aui:</span> <span class='ocrx_word' id='word_1_56' title='bbox 1486 562 1571 612; x_wconf 78' lang='lat' dir='ltr'>me</span> <span class='ocrx_word' id='word_1_57' title='bbox 1610 560 1748 614; x_wconf 73' lang='lat' dir='ltr'>tibi?</span> 
     </span>
     <span class='ocr_line' id='line_1_7' title="bbox 222 650 1733 710; baseline 0.003 -17"><span class='ocrx_word' id='word_1_58' title='bbox 222 650 341 694; x_wconf 87' lang='lat' dir='ltr'>Non.</span> <span class='ocrx_word' id='word_1_59' title='bbox 369 655 468 707; x_wconf 84' lang='lat'>257,</span> <span class='ocrx_word' id='word_1_60' title='bbox 496 655 550 695; x_wconf 89' lang='lat'>15</span> <span class='ocrx_word' id='word_1_61' title='bbox 586 652 944 707; x_wconf 76' lang='lat' dir='ltr'>‘componere</span> <span class='ocrx_word' id='word_1_62' title='bbox 974 666 1132 695; x_wconf 89' lang='lat' dir='ltr'>rursus</span> <span class='ocrx_word' id='word_1_63' title='bbox 1166 651 1400 709; x_wconf 76' lang='lat' dir='ltr'>signifieat</span> <span class='ocrx_word' id='word_1_64' title='bbox 1432 656 1733 710; x_wconf 82' lang='lat' dir='ltr'>comparare.&#39;</span> 
     </span>
     <span class='ocr_line' id='line_1_8' title="bbox 222 732 1152 777; baseline 0.003 -3"><span class='ocrx_word' id='word_1_65' title='bbox 222 745 302 774; x_wconf 89' lang='lat' dir='ltr'>eur</span> <span class='ocrx_word' id='word_1_66' title='bbox 333 746 415 776; x_wconf 88' lang='lat' dir='ltr'>om.</span> <span class='ocrx_word' id='word_1_67' title='bbox 452 732 495 777; x_wconf 72' lang='lat' dir='ltr'><strong><em>G</em></strong></span> <span class='ocrx_word' id='word_1_68' title='bbox 582 734 631 776; x_wconf 76' lang='lat' dir='ltr'>te</span> <span class='ocrx_word' id='word_1_69' title='bbox 662 745 718 775; x_wconf 85' lang='lat' dir='ltr'>ac</span> <span class='ocrx_word' id='word_1_70' title='bbox 747 746 822 776; x_wconf 88' lang='lat' dir='ltr'>me</span> <span class='ocrx_word' id='word_1_71' title='bbox 855 733 1152 777; x_wconf 72' lang='lat' dir='ltr'>Hermamms</span> 
     </span>
    </p>
   </div>
   <div class='ocr_carea' id='block_1_5' title="bbox 899 843 977 890">
    <p class='ocr_par' dir='ltr' id='par_1_5' title="bbox 899 843 977 890">
     <span class='ocr_line' id='line_1_9' title="bbox 899 843 977 890; baseline 0 0"><span class='ocrx_word' id='word_1_72' title='bbox 899 843 977 890; x_wconf 89' lang='lat' dir='ltr'>III</span> 
     </span>
    </p>
   </div>
   <div class='ocr_carea' id='block_1_6' title="bbox 100 926 1782 1176">
    <p class='ocr_par' dir='ltr' id='par_1_6' title="bbox 100 926 1782 1176">
     <span class='ocr_line' id='line_1_10' title="bbox 259 926 1444 995; baseline 0.002 -17"><span class='ocrx_word' id='word_1_73' title='bbox 259 969 269 978; x_wconf 88' lang='lat'>.</span> <span class='ocrx_word' id='word_1_74' title='bbox 308 927 432 979; x_wconf 72' lang='grc' dir='ltr'><strong>ιιέιιιι</strong></span> <span class='ocrx_word' id='word_1_75' title='bbox 470 929 749 995; x_wconf 73' lang='lat' dir='ltr'>tropaeum</span> <span class='ocrx_word' id='word_1_76' title='bbox 787 926 927 979; x_wconf 78' lang='lat' dir='ltr'>ferre</span> <span class='ocrx_word' id='word_1_77' title='bbox 965 946 1050 979; x_wconf 88' lang='lat' dir='ltr'>me</span> <span class='ocrx_word' id='word_1_78' title='bbox 1090 946 1120 979; x_wconf 87' lang='lat' dir='ltr'>a</span> <span class='ocrx_word' id='word_1_79' title='bbox 1158 926 1292 980; x_wconf 62' lang='lat' dir='ltr'>forks</span> <span class='ocrx_word' id='word_1_80' title='bbox 1325 928 1444 980; x_wconf 89' lang='lat' dir='ltr'>uiro</span> 
     </span>
     <span class='ocr_line' id='line_1_11' title="bbox 100 1013 1782 1086; baseline 0.003 -20"><span class='ocrx_word' id='word_1_81' title='bbox 100 1013 352 1066; x_wconf 74' lang='lat' dir='ltr'>Pulcrum</span> <span class='ocrx_word' id='word_1_82' title='bbox 407 1018 508 1067; x_wconf 72' lang='lat' dir='ltr'>est:</span> <span class='ocrx_word' id='word_1_83' title='bbox 562 1015 608 1067; x_wconf 88' lang='lat' dir='ltr'>si</span> <span class='ocrx_word' id='word_1_84' title='bbox 662 1018 840 1067; x_wconf 75' lang='lat' dir='ltr'>autem</span> <span class='ocrx_word' id='word_1_85' title='bbox 894 1015 1102 1086; x_wconf 78' lang='lat' dir='ltr'>uinoar,</span> <span class='ocrx_word' id='word_1_86' title='bbox 1155 1017 1301 1068; x_wconf 82' lang='lat' dir='ltr'>uinci</span> <span class='ocrx_word' id='word_1_87' title='bbox 1355 1035 1387 1068; x_wconf 82' lang='lat' dir='ltr'>a</span> <span class='ocrx_word' id='word_1_88' title='bbox 1431 1017 1527 1069; x_wconf 57' lang='lat' dir='ltr'>tali</span> <span class='ocrx_word' id='word_1_89' title='bbox 1572 1019 1782 1072; x_wconf 88' lang='lat' dir='ltr'>nullum</span> 
     </span>
     <span class='ocr_line' id='line_1_12' title="bbox 1160 1105 1739 1176; baseline 0.005 -19"><span class='ocrx_word' id='word_1_90' title='bbox 1160 1105 1306 1174; x_wconf 89' lang='grc' dir='ltr'><strong>&lt;ιιιι&gt;</strong></span> <span class='ocrx_word' id='word_1_91' title='bbox 1345 1107 1426 1158; x_wconf 75' lang='lat' dir='ltr'>est</span> <span class='ocrx_word' id='word_1_92' title='bbox 1464 1107 1739 1176; x_wconf 84' lang='lat' dir='ltr'>probrum.</span> 
     </span>
    </p>
   </div>
   <div class='ocr_carea' id='block_1_7' title="bbox 98 1197 1780 1300">
    <p class='ocr_par' dir='ltr' id='par_1_7' title="bbox 98 1197 1780 1300">
     <span class='ocr_line' id='line_1_13' title="bbox 216 1197 1780 1259; baseline 0.003 -19"><span class='ocrx_word' id='word_1_93' title='bbox 216 1197 481 1243; x_wconf 82' lang='lat' dir='ltr'>Macrobius</span> <span class='ocrx_word' id='word_1_94' title='bbox 506 1197 600 1241; x_wconf 75' lang='lat' dir='ltr'>Sat.</span> <span class='ocrx_word' id='word_1_95' title='bbox 626 1197 691 1241; x_wconf 92' lang='lat' dir='ltr'>VI</span> <span class='ocrx_word' id='word_1_96' title='bbox 716 1203 755 1254; x_wconf 93' lang='lat'>1,</span> <span class='ocrx_word' id='word_1_97' title='bbox 781 1202 836 1242; x_wconf 88' lang='lat'>56</span> <span class='ocrx_word' id='word_1_98' title='bbox 872 1198 1132 1256; x_wconf 84' lang='lat' dir='ltr'>‘Vergilius</span> <span class='ocrx_word' id='word_1_99' title='bbox 1162 1200 1294 1257; x_wconf 89' lang='lat' dir='ltr'>[Aen.</span> <span class='ocrx_word' id='word_1_100' title='bbox 1320 1200 1362 1243; x_wconf 94' lang='lat' dir='ltr'>X</span> <span class='ocrx_word' id='word_1_101' title='bbox 1386 1205 1471 1244; x_wconf 84' lang='lat'>449</span> <span class='ocrx_word' id='word_1_102' title='bbox 1490 1202 1578 1259; x_wconf 92' lang='lat' dir='ltr'>sq.]</span> <span class='ocrx_word' id='word_1_103' title='bbox 1611 1201 1780 1245; x_wconf 82' lang='lat' dir='ltr'>Accius</span> 
     </span>
     <span class='ocr_line' id='line_1_14' title="bbox 98 1256 664 1300; baseline 0.002 -1"><span class='ocrx_word' id='word_1_104' title='bbox 98 1256 148 1299; x_wconf 94' lang='grc' dir='ltr'>ιιι</span> <span class='ocrx_word' id='word_1_105' title='bbox 178 1258 423 1300; x_wconf 85' lang='lat' dir='ltr'>Armorum</span> <span class='ocrx_word' id='word_1_106' title='bbox 453 1256 664 1300; x_wconf 85' lang='lat' dir='ltr'>iudicio.</span> 
     </span>
    </p>
   </div>
   <div class='ocr_carea' id='block_1_8' title="bbox 215 1338 1780 1398">
    <p class='ocr_par' dir='ltr' id='par_1_8' title="bbox 215 1338 1780 1398">
     <span class='ocr_line' id='line_1_15' title="bbox 215 1338 1780 1398; baseline 0.003 -16"><span class='ocrx_word' id='word_1_107' title='bbox 215 1343 241 1382; x_wconf 86' lang='lat'>2</span> <span class='ocrx_word' id='word_1_108' title='bbox 273 1338 338 1381; x_wconf 90' lang='lat' dir='ltr'>mi</span> <span class='ocrx_word' id='word_1_109' title='bbox 369 1339 679 1394; x_wconf 72' lang='lat' dir='ltr'>Hermannus,</span> <span class='ocrx_word' id='word_1_110' title='bbox 711 1353 794 1383; x_wconf 86' lang='lat' dir='ltr'>om</span> <span class='ocrx_word' id='word_1_111' title='bbox 827 1355 862 1382; x_wconf 88' lang='grc' dir='ltr'><strong>ω</strong></span> <span class='ocrx_word' id='word_1_112' title='bbox 964 1338 1092 1382; x_wconf 81' lang='lat' dir='ltr'>uinci</span> <span class='ocrx_word' id='word_1_113' title='bbox 1122 1339 1350 1383; x_wconf 70' lang='lat' dir='ltr'>nullumst</span> <span class='ocrx_word' id='word_1_114' title='bbox 1381 1354 1410 1383; x_wconf 82' lang='lat' dir='ltr'>a</span> <span class='ocrx_word' id='word_1_115' title='bbox 1441 1340 1528 1384; x_wconf 73' lang='lat' dir='ltr'>tali</span> <span class='ocrx_word' id='word_1_116' title='bbox 1558 1342 1780 1398; x_wconf 87' lang='lat' dir='ltr'>probrum</span> 
     </span>
    </p>
   </div>
   <div class='ocr_carea' id='block_1_9' title="bbox 97 1398 973 1510">
    <p class='ocr_par' dir='ltr' id='par_1_9' title="bbox 97 1398 973 1510">
     <span class='ocr_line' id='line_1_16' title="bbox 97 1398 973 1510; baseline 0.001 -69"><span class='ocrx_word' id='word_1_117' title='bbox 97 1398 334 1455; x_wconf 60' lang='lat' dir='ltr'>Ber-ymas,</span> <span class='ocrx_word' id='word_1_118' title='bbox 366 1399 470 1453; x_wconf 78' lang='lat' dir='ltr'>fort.</span> <span class='ocrx_word' id='word_1_119' title='bbox 503 1404 615 1443; x_wconf 73' lang='lat' dir='ltr'>‘recte</span> <span class='ocrx_word' id='word_1_120' title='bbox 899 1463 973 1510; x_wconf 77' lang='lat' dir='ltr'>IV</span> 
     </span>
    </p>
   </div>
   <div class='ocr_carea' id='block_1_10' title="bbox 95 1546 1866 1699">
    <p class='ocr_par' dir='ltr' id='par_1_10' title="bbox 95 1546 1866 1699">
     <span class='ocr_line' id='line_1_17' title="bbox 95 1546 1866 1616; baseline 0.002 -17"><span class='ocrx_word' id='word_1_121' title='bbox 95 1546 160 1599; x_wconf 90' lang='lat' dir='ltr'>In</span> <span class='ocrx_word' id='word_1_122' title='bbox 192 1549 297 1616; x_wconf 79' lang='lat' dir='ltr'>quo</span> <span class='ocrx_word' id='word_1_123' title='bbox 330 1548 518 1600; x_wconf 75' lang='lat' dir='ltr'>salutis</span> <span class='ocrx_word' id='word_1_124' title='bbox 542 1549 661 1616; x_wconf 76' lang='lat' dir='ltr'>spes</span> <span class='ocrx_word' id='word_1_125' title='bbox 684 1565 958 1616; x_wconf 86' lang='lat' dir='ltr'>supremas</span> <span class='ocrx_word' id='word_1_126' title='bbox 982 1547 1088 1599; x_wconf 83' lang='lat' dir='ltr'>ssbi</span> <span class='ocrx_word' id='word_1_127' title='bbox 1111 1547 1275 1600; x_wconf 75' lang='lat' dir='ltr'>habet</span> <span class='ocrx_word' id='word_1_128' title='bbox 1298 1568 1505 1601; x_wconf 86' lang='lat' dir='ltr'>summa</span> <span class='ocrx_word' id='word_1_129' title='bbox 1528 1550 1761 1603; x_wconf 73' lang='lat' dir='ltr'>exerciti.</span> <span class='ocrx_word' id='word_1_130' title='bbox 1781 1571 1866 1612; x_wconf 87' lang='lat'>150</span> 
     </span>
     <span class='ocr_line' id='line_1_18' title="bbox 213 1640 1646 1699; baseline 0.001 -15"><span class='ocrx_word' id='word_1_131' title='bbox 213 1642 331 1685; x_wconf 87' lang='lat' dir='ltr'>Non.</span> <span class='ocrx_word' id='word_1_132' title='bbox 359 1646 460 1698; x_wconf 89' lang='lat'>485,</span> <span class='ocrx_word' id='word_1_133' title='bbox 489 1646 543 1684; x_wconf 88' lang='lat'>13</span> <span class='ocrx_word' id='word_1_134' title='bbox 578 1640 849 1685; x_wconf 74' lang='lat' dir='ltr'>‘exerciti</span> <span class='ocrx_word' id='word_1_135' title='bbox 881 1640 959 1684; x_wconf 90' lang='lat' dir='ltr'>uel</span> <span class='ocrx_word' id='word_1_136' title='bbox 990 1640 1237 1685; x_wconf 77' lang='lat' dir='ltr'>exercituis</span> <span class='ocrx_word' id='word_1_137' title='bbox 1268 1657 1352 1699; x_wconf 90' lang='lat' dir='ltr'>pro</span> <span class='ocrx_word' id='word_1_138' title='bbox 1385 1642 1646 1687; x_wconf 55' lang='lat' dir='ltr'>exereitus?</span> 
     </span>
    </p>
   </div>
   <div class='ocr_carea' id='block_1_11' title="bbox 92 1722 1774 1898">
    <p class='ocr_par' dir='ltr' id='par_1_11' title="bbox 92 1722 1774 1898">
     <span class='ocr_line' id='line_1_19' title="bbox 213 1722 1774 1780; baseline 0.002 -15"><span class='ocrx_word' id='word_1_139' title='bbox 213 1722 387 1766; x_wconf 75' lang='lat' dir='ltr'>salutes</span> <span class='ocrx_word' id='word_1_140' title='bbox 414 1723 564 1767; x_wconf 75' lang='lat' dir='ltr'>Pazat.</span> <span class='ocrx_word' id='word_1_141' title='bbox 658 1736 762 1779; x_wconf 88' lang='lat' dir='ltr'>spes</span> <span class='ocrx_word' id='word_1_142' title='bbox 795 1736 1033 1779; x_wconf 83' lang='lat' dir='ltr'>supremas</span> <span class='ocrx_word' id='word_1_143' title='bbox 1059 1722 1309 1768; x_wconf 78' lang='lat' dir='ltr'>Seriverius</span> <span class='ocrx_word' id='word_1_144' title='bbox 1341 1737 1538 1780; x_wconf 88' lang='lat' dir='ltr'>spesque</span> <span class='ocrx_word' id='word_1_145' title='bbox 1571 1739 1774 1772; x_wconf 84' lang='lat' dir='ltr'>summas</span> 
     </span>
     <span class='ocr_line' id='line_1_20' title="bbox 93 1782 1774 1840; baseline 0.002 -16"><span class='ocrx_word' id='word_1_146' title='bbox 93 1782 237 1826; x_wconf 85' lang='lat' dir='ltr'>BaH</span> <span class='ocrx_word' id='word_1_147' title='bbox 241 1783 283 1825; x_wconf 88' lang='lat' dir='ltr'><strong><em>L</em></strong></span> <span class='ocrx_word' id='word_1_148' title='bbox 330 1795 526 1838; x_wconf 88' lang='lat' dir='ltr'>spesque</span> <span class='ocrx_word' id='word_1_149' title='bbox 570 1795 808 1838; x_wconf 83' lang='lat' dir='ltr'>supremas</span> <span class='ocrx_word' id='word_1_150' title='bbox 849 1799 884 1838; x_wconf 87' lang='grc' dir='ltr'>φ</span> <span class='ocrx_word' id='word_1_151' title='bbox 933 1795 1087 1838; x_wconf 81' lang='lat' dir='ltr'>speres</span> <span class='ocrx_word' id='word_1_152' title='bbox 1128 1797 1329 1826; x_wconf 85' lang='lat' dir='ltr'>summas</span> <span class='ocrx_word' id='word_1_153' title='bbox 1369 1785 1540 1828; x_wconf 75' lang='lat' dir='ltr'>conieci</span> <span class='ocrx_word' id='word_1_154' title='bbox 1577 1797 1774 1840; x_wconf 89' lang='lat' dir='ltr'>spesque</span> 
     </span>
     <span class='ocr_line' id='line_1_21' title="bbox 92 1840 848 1898; baseline 0.001 -14"><span class='ocrx_word' id='word_1_155' title='bbox 92 1843 140 1897; x_wconf 73' lang='lat' dir='ltr'>(i.</span> <span class='ocrx_word' id='word_1_156' title='bbox 174 1856 207 1885; x_wconf 83' lang='lat' dir='ltr'>e.</span> <span class='ocrx_word' id='word_1_157' title='bbox 243 1840 452 1898; x_wconf 86' lang='lat' dir='ltr'>speique)</span> <span class='ocrx_word' id='word_1_158' title='bbox 486 1855 714 1884; x_wconf 83' lang='lat' dir='ltr'>summam</span> <span class='ocrx_word' id='word_1_159' title='bbox 745 1842 848 1885; x_wconf 79' lang='lat' dir='ltr'>Bue</span> 
     </span>
    </p>
   </div>
   <div class='ocr_carea' id='block_1_12' title="bbox 913 1907 959 1953">
    <p class='ocr_par' dir='ltr' id='par_1_12' title="bbox 913 1907 959 1953">
     <span class='ocr_line' id='line_1_22' title="bbox 913 1907 959 1953; baseline 0 -42"><span class='ocrx_word' id='word_1_160' title='bbox 913 1907 959 1953; x_wconf 73' lang='lat' dir='ltr'><strong>V</strong></span> 
     </span>
    </p>
   </div>
   <div class='ocr_carea' id='block_1_13' title="bbox 90 1989 1462 2062">
    <p class='ocr_par' dir='ltr' id='par_1_13' title="bbox 90 1989 1462 2062">
     <span class='ocr_line' id='line_1_23' title="bbox 90 1989 1462 2062; baseline 0.001 -20"><span class='ocrx_word' id='word_1_161' title='bbox 90 1989 238 2043; x_wconf 76' lang='lat' dir='ltr'>Inter</span> <span class='ocrx_word' id='word_1_162' title='bbox 278 2010 411 2060; x_wconf 89' lang='lat' dir='ltr'>quos</span> <span class='ocrx_word' id='word_1_163' title='bbox 450 2010 604 2061; x_wconf 88' lang='lat' dir='ltr'>saepe</span> <span class='ocrx_word' id='word_1_164' title='bbox 644 1994 698 2043; x_wconf 73' lang='lat' dir='ltr'>et</span> <span class='ocrx_word' id='word_1_165' title='bbox 735 1991 906 2043; x_wconf 73' lang='lat' dir='ltr'>multo</span> <span class='ocrx_word' id='word_1_166' title='bbox 946 1990 1167 2043; x_wconf 66' lang='lat' dir='ltr'>inbuizus</span> <span class='ocrx_word' id='word_1_167' title='bbox 1206 1992 1462 2062; x_wconf 51' lang='lat' dir='ltr'>sanguine</span> 
     </span>
    </p>
   </div>
   <div class='ocr_carea' id='block_1_14' title="bbox 89 2083 1773 2247">
    <p class='ocr_par' dir='ltr' id='par_1_14' title="bbox 89 2083 1773 2246">
     <span class='ocr_line' id='line_1_24' title="bbox 207 2083 1769 2141; baseline 0.001 -14"><span class='ocrx_word' id='word_1_168' title='bbox 207 2085 325 2128; x_wconf 85' lang='lat' dir='ltr'>Non.</span> <span class='ocrx_word' id='word_1_169' title='bbox 360 2090 468 2141; x_wconf 84' lang='grc'>521,</span> <span class='ocrx_word' id='word_1_170' title='bbox 494 2090 519 2128; x_wconf 94' lang='lat'>5</span> <span class='ocrx_word' id='word_1_171' title='bbox 570 2084 831 2128; x_wconf 78' lang='lat' dir='ltr'>‘inbuere</span> <span class='ocrx_word' id='word_1_172' title='bbox 872 2084 1158 2128; x_wconf 75' lang='lat' dir='ltr'>consuetudo</span> <span class='ocrx_word' id='word_1_173' title='bbox 1190 2083 1426 2128; x_wconf 83' lang='lat' dir='ltr'>induoere’</span> <span class='ocrx_word' id='word_1_174' title='bbox 1462 2085 1496 2141; x_wconf 77' lang='lat'>(‘</span> <span class='ocrx_word' id='word_1_175' title='bbox 1507 2084 1769 2128; x_wconf 88' lang='lat' dir='ltr'>induere’</span> 
     </span>
     <span class='ocr_line' id='line_1_25' title="bbox 89 2121 1773 2247; baseline -0.001 -59"><span class='ocrx_word' id='word_1_176' title='bbox 89 2143 308 2247; x_wconf 50' lang='grc' dir='ltr'>ξιεὲιὲιέτὲ</span> <span class='ocrx_word' id='word_1_177' title='bbox 313 2121 590 2200; x_wconf 72' lang='lat' dir='ltr'>‘existimat‚</span> <span class='ocrx_word' id='word_1_178' title='bbox 631 2158 735 2187; x_wconf 87' lang='lat' dir='ltr'>eum</span> <span class='ocrx_word' id='word_1_179' title='bbox 774 2143 836 2187; x_wconf 72' lang='lat' dir='ltr'>sit</span> <span class='ocrx_word' id='word_1_180' title='bbox 866 2144 1050 2200; x_wconf 88' lang='lat' dir='ltr'>proprie</span> <span class='ocrx_word' id='word_1_181' title='bbox 1082 2143 1315 2187; x_wconf 84' lang='lat' dir='ltr'>maculare</span> <span class='ocrx_word' id='word_1_182' title='bbox 1347 2143 1424 2187; x_wconf 89' lang='lat' dir='ltr'>uel</span> <span class='ocrx_word' id='word_1_183' title='bbox 1454 2143 1661 2199; x_wconf 88' lang='lat' dir='ltr'>polluere</span> <span class='ocrx_word' id='word_1_184' title='bbox 1692 2144 1773 2188; x_wconf 91' lang='lat' dir='ltr'>uel</span> 
     </span>
    </p>
   </div>
   <div class='ocr_carea' id='block_1_15' title="bbox 208 2283 933 2329">
    <p class='ocr_par' dir='ltr' id='par_1_15' title="bbox 208 2283 933 2329">
     <span class='ocr_line' id='line_1_26' title="bbox 208 2283 933 2329; baseline 0.003 -4"><span class='ocrx_word' id='word_1_185' title='bbox 208 2283 415 2327; x_wconf 75' lang='lat' dir='ltr'>imbutus</span> <span class='ocrx_word' id='word_1_186' title='bbox 447 2285 644 2329; x_wconf 82' lang='lat' dir='ltr'>Bothius</span> <span class='ocrx_word' id='word_1_187' title='bbox 674 2284 866 2328; x_wconf 71' lang='lat' dir='ltr'>inbutos</span> <span class='ocrx_word' id='word_1_188' title='bbox 898 2302 933 2327; x_wconf 89' lang='grc' dir='ltr'>ω</span> 
     </span>
    </p>
   </div>
   <div class='ocr_carea' id='block_1_16' title="bbox 86 2393 1622 2618">
    <p class='ocr_par' dir='ltr' id='par_1_16' title="bbox 86 2393 1622 2618">
     <span class='ocr_line' id='line_1_27' title="bbox 887 2393 961 2441; baseline 0 0"><span class='ocrx_word' id='word_1_189' title='bbox 887 2393 961 2441; x_wconf 92' lang='lat' dir='ltr'>VI</span> 
     </span>
     <span class='ocr_line' id='line_1_28' title="bbox 86 2469 1622 2541; baseline 0.001 -20"><span class='ocrx_word' id='word_1_190' title='bbox 86 2469 262 2521; x_wconf 89' lang='lat' dir='ltr'>Huius</span> <span class='ocrx_word' id='word_1_191' title='bbox 300 2472 385 2522; x_wconf 75' lang='lat' dir='ltr'>me</span> <span class='ocrx_word' id='word_1_192' title='bbox 425 2469 625 2522; x_wconf 83' lang='lat' dir='ltr'>diuidia</span> <span class='ocrx_word' id='word_1_193' title='bbox 663 2469 810 2541; x_wconf 68' lang='lat' dir='ltr'>cogit</span> <span class='ocrx_word' id='word_1_194' title='bbox 846 2470 969 2538; x_wconf 89' lang='lat' dir='ltr'>plus</span> <span class='ocrx_word' id='word_1_195' title='bbox 1008 2489 1167 2539; x_wconf 85' lang='lat' dir='ltr'>quam</span> <span class='ocrx_word' id='word_1_196' title='bbox 1206 2473 1287 2522; x_wconf 71' lang='lat' dir='ltr'>est</span> <span class='ocrx_word' id='word_1_197' title='bbox 1323 2470 1422 2538; x_wconf 66' lang='lat' dir='ltr'>pair</span> <span class='ocrx_word' id='word_1_198' title='bbox 1459 2470 1622 2539; x_wconf 92' lang='lat' dir='ltr'>loqui.</span> 
     </span>
     <span class='ocr_line' id='line_1_29' title="bbox 202 2562 1166 2618; baseline 0.001 -12"><span class='ocrx_word' id='word_1_199' title='bbox 202 2563 319 2606; x_wconf 91' lang='lat' dir='ltr'>Non.</span> <span class='ocrx_word' id='word_1_200' title='bbox 348 2569 418 2618; x_wconf 88' lang='grc'>96,</span> <span class='ocrx_word' id='word_1_201' title='bbox 445 2567 497 2605; x_wconf 92' lang='lat'>21</span> <span class='ocrx_word' id='word_1_202' title='bbox 535 2562 787 2606; x_wconf 77' lang='lat' dir='ltr'>‘diuidia</span> <span class='ocrx_word' id='word_1_203' title='bbox 820 2565 892 2606; x_wconf 74' lang='lat' dir='ltr'>est</span> <span class='ocrx_word' id='word_1_204' title='bbox 923 2563 1166 2608; x_wconf 56' lang='lat' dir='ltr'>taedium?</span> 
     </span>
    </p>
   </div>
   <div class='ocr_carea' id='block_1_17' title="bbox 86 2673 1501 2819">
    <p class='ocr_par' dir='ltr' id='par_1_17' title="bbox 86 2673 1501 2819">
     <span class='ocr_line' id='line_1_30' title="bbox 86 2673 1501 2819; baseline 0.001 -19"><span class='ocrx_word' id='word_1_205' title='bbox 86 2748 258 2801; x_wconf 76' lang='lat' dir='ltr'>Maior</span> <span class='ocrx_word' id='word_1_206' title='bbox 297 2751 399 2802; x_wconf 73' lang='lat' dir='ltr'>erit</span> <span class='ocrx_word' id='word_1_207' title='bbox 437 2751 634 2819; x_wconf 77' lang='lat' dir='ltr'>luctus,</span> <span class='ocrx_word' id='word_1_208' title='bbox 672 2753 793 2802; x_wconf 71' lang='lat' dir='ltr'>elim</span> <span class='ocrx_word' id='word_1_209' title='bbox 832 2673 1263 2803; x_wconf 49' lang='lat' dir='ltr'>mffiamnatum</span> <span class='ocrx_word' id='word_1_210' title='bbox 1304 2750 1501 2802; x_wconf 72' lang='lat' dir='ltr'>audiet</span> 
     </span>
    </p>
   </div>
   <div class='ocr_carea' id='block_1_18' title="bbox 87 2842 1764 3027">
    <p class='ocr_par' dir='ltr' id='par_1_18' title="bbox 87 2842 1761 3019">
     <span class='ocr_line' id='line_1_31' title="bbox 201 2842 1761 2918; baseline 0.001 -32"><span class='ocrx_word' id='word_1_211' title='bbox 201 2842 319 2887; x_wconf 86' lang='lat' dir='ltr'>Non.</span> <span class='ocrx_word' id='word_1_212' title='bbox 341 2848 439 2899; x_wconf 86' lang='lat'>276,</span> <span class='ocrx_word' id='word_1_213' title='bbox 457 2849 513 2887; x_wconf 87' lang='lat'>32</span> <span class='ocrx_word' id='word_1_214' title='bbox 540 2844 858 2918; x_wconf 63' lang='lat' dir='ltr'>‘damnare</span> <span class='ocrx_word' id='word_1_215' title='bbox 918 2844 930 2864; x_wconf 90' lang='lat'>’</span> <span class='ocrx_word' id='word_1_216' title='bbox 981 2842 1190 2887; x_wconf 72' lang='lat' dir='ltr'>Contulit</span> <span class='ocrx_word' id='word_1_217' title='bbox 1204 2843 1495 2887; x_wconf 81' lang='lat' dir='ltr'>Hermannus</span> <span class='ocrx_word' id='word_1_218' title='bbox 1514 2856 1570 2886; x_wconf 84' lang='lat' dir='ltr'>ex</span> <span class='ocrx_word' id='word_1_219' title='bbox 1587 2843 1761 2900; x_wconf 87' lang='lat' dir='ltr'>Sopho-</span> 
     </span>
     <span class='ocr_line' id='line_1_32' title="bbox 87 2899 1764 2960; baseline 0.003 -18"><span class='ocrx_word' id='word_1_220' title='bbox 87 2899 170 2943; x_wconf 83' lang='lat' dir='ltr'>clis</span> <span class='ocrx_word' id='word_1_221' title='bbox 194 2900 336 2945; x_wconf 79' lang='lat' dir='ltr'>Aiace</span> <span class='ocrx_word' id='word_1_222' title='bbox 359 2917 399 2946; x_wconf 84' lang='lat' dir='ltr'>v.</span> <span class='ocrx_word' id='word_1_223' title='bbox 419 2908 504 2946; x_wconf 83' lang='lat'>462</span> <span class='ocrx_word' id='word_1_224' title='bbox 529 2904 608 2947; x_wconf 84' lang='grc' dir='ltr'>καὶ</span> <span class='ocrx_word' id='word_1_225' title='bbox 631 2910 768 2947; x_wconf 87' lang='grc' dir='ltr'><em>ποῖον</em></span> <span class='ocrx_word' id='word_1_226' title='bbox 794 2902 916 2960; x_wconf 83' lang='grc' dir='ltr'>ὄμμα</span> <span class='ocrx_word' id='word_1_227' title='bbox 940 2903 1081 2959; x_wconf 81' lang='grc' dir='ltr'><em>πατρὶ</em></span> <span class='ocrx_word' id='word_1_228' title='bbox 1105 2904 1290 2958; x_wconf 82' lang='grc' dir='ltr'><em>δηλώσω</em></span> <span class='ocrx_word' id='word_1_229' title='bbox 1316 2900 1482 2959; x_wconf 83' lang='grc' dir='ltr'><strong><em>φανείς</em></strong></span> <span class='ocrx_word' id='word_1_230' title='bbox 1503 2906 1764 2960; x_wconf 73' lang='grc' dir='ltr'><strong>Τελαμῶνις</strong></span> 
     </span>
     <span class='ocr_line' id='line_1_33' title="bbox 1412 2976 1498 3027; baseline 0.012 -9"><span class='ocrx_word' id='word_1_231' title='bbox 1412 2976 1498 3027; x_wconf 83' lang='lat'>12*</span> 
     </span>
    </p>
   </div>
  </div>
 </body>
</html>
